2178 3556
152 222 178 263 26
467 240 488 272 K.
500 240 691 273 moon-sonnino.
901 230 927 275 H.
943 230 962 272 F.
977 228 1009 272 Kl.

205 353 378 396 Tridentinum
400 370 480 409 quoque
498 358 641 399 distinctionem
658 372 717 411 supra
734 359 807 401 dictam
824 362 883 412 paulo
903 361 1008 408 obscurius,

151 428 187 468 sed
203 436 269 470 tamen
283 433 328 471 satis
342 439 411 484 aperte
426 432 521 474 indicasse
535 434 620 474 uidetur:
645 434 677 475 »Si
696 437 738 487 quis
753 435 829 483 dixerit,
844 436 943 476 hominem
954 437 1009 486 justi-

151 504 205 544 ficari
225 506 267 545 sola
289 510 400 548 remissione
422 516 557 560 peccatorum,
578 510 659 550 exclusa
680 512 740 563 gratia
762 517 782 551 et
802 513 890 558 caritate,
915 525 966 563 quae
986 512 1009 550 in

152 580 270 621 cordibus
292 583 391 623 hominum
412 597 448 634 per
469 584 563 635 Spiritum
584 583 677 625 Sanctum
699 584 860 633 diffundatur,
883 592 902 624 et
919 586 954 625 illis
975 587 1009 625 in-

151 654 263 704 haereat,
285 671 301 698 a.
316 671 342 696 s.»
375 657 407 697 uSi
425 660 467 709 quis
485 658 561 707 dixerit,
578 661 659 710 gratiam
679 673 717 712 qua
729 660 862 709 justificamur,
878 673 920 700 esse
936 667 1009 700 tantum

152 733 260 771 favorem
275 732 318 780 Dei,
333 745 349 772 a.
364 732 407 774 s.»1

205 807 281 847 ltlurato
304 810 381 847 nomine
405 808 435 847 bic
457 808 482 847 de
506 810 567 860 gratia
589 809 762 850 sanctificante
786 811 856 861 agitur,
881 823 932 861 quae
955 809 1008 860 apud

153 883 285 923 Lntherum
306 884 360 922 nimis
384 883 472 934 neglecta
491 891 527 933 est,
541 886 556 922 si
571 895 614 922 cum
628 884 663 922 illis
677 887 828 935 comparaveris
843 898 894 936 quae
909 885 934 924 de
948 886 1009 936 gratia

153 960 249 1009 imputata
263 966 284 997 ct
298 958 322 997 de
334 957 471 1007 justificatione
487 957 557 998 forensi
573 959 625 998 isola
638 958 689 999 fide»
705 959 798 1011 disputat.
828 959 941 1000 Secundum
960 960 1009 999 hanc

153 1034 329 1074 considerationem
339 1033 393 1073 Dens
408 1034 493 1084 procul
507 1046 529 1074 se
545 1035 626 1085 praebet
640 1034 695 1075 nobis
704 1034 759 1074 velut
771 1034 840 1085 judex.
863 1034 920 1075 Salus
930 1037 1009 1075 nimium

153 1110 212 1150 habet
227 1111 320 1149 rationem
339 1110 415 1159 pacti,
434 1119 504 1160 parum
518 1112 613 1149 rationem
627 1112 723 1152 unionis
738 1110 845 1162 personalis
859 1113 944 1153 intimae.
973 1110 1009 1151 Per

153 1192 233 1235 pactum
246 1184 307 1224 dona
318 1184 356 1223 Dei
367 1184 489 1224 credentibus
500 1186 607 1225 inhabitare
617 1185 711 1234 dicuntur,
722 1199 759 1237 per
768 1188 858 1226 unionem
873 1188 927 1237 ipse
940 1185 1007 1224 Deus.

206 1259 282 1299 Nostris
297 1260 364 1299 diebus
379 1272 442 1299 rursus
460 1260 513 1311 apud
528 1261 656 1308 Lutlreranos,
671 1263 755 1313 positive
769 1261 877 1310 credentes,
892 1262 942 1301 sicut
955 1260 1007 1311 apud

153 1340 226 1385 patres,
244 1335 295 1374 salus
314 1335 373 1376 habet
390 1338 427 1374 uim
450 1338 546 1376 unionis
567 1339 684 1387 mysticae
705 1340 781 1377 animae
795 1337 892 1377 credentis
905 1349 950 1377 cunr
964 1335 1008 1376 Deo

153 1410 278 1450 inhabitante.

206 1485 234 1525 Ita
249 1487 307 1525 etiam
320 1487 339 1525 in
353 1487 390 1526 hac
403 1488 484 1526 materia
498 1498 603 1526 consensus
617 1488 758 1527 ecclesiasticus
773 1490 888 1527 instauratus
903 1494 939 1527 est.

508 1729 613 1788 Quaestio
630 1741 656 1777 tlt.

452 1840 485 1874 De
497 1840 608 1875 divisione
620 1840 712 1885 gratiae.

208 1939 223 1965 1.
247 1925 319 1965 atram
330 1927 406 1977 gratia
421 1927 559 1967 convenienter
574 1927 685 1967 dividatur
695 1935 734 1979 per
744 1928 840 1979 gratiam
851 1933 939 1978 gratam
952 1928 1008 1978 faci-

151 2007 220 2051 entem,
235 2008 254 2040 et
263 2002 360 2053 gratiam
372 2002 443 2053 gratis
456 2003 535 2043 datam.

206 2088 326 2138 «Apostolus
341 2095 446 2140 utrumque
460 2089 547 2128 attribuit
560 2091 638 2140 gratiae,
653 2090 726 2129 scilicet
740 2096 760 2128 et
774 2095 849 2140 gratum
862 2087 926 2128 facere
936 2095 955 2127 et
965 2101 1008 2128 esse

151 2166 210 2215 gratis
225 2163 297 2202 datam.
325 2162 377 2202 Dicit
396 2164 447 2202 enim
462 2171 557 2215 quantum
572 2164 596 2202 ad
610 2165 695 2214 primurn
709 2163 734 2202 ad
748 2162 801 2215 Eph.
819 2176 833 2210 1,
848 2162 869 2202 6:
889 2162 1009 2202 Gratificavit

151 2251 186 2277 nos
201 2241 219 2277 in
234 2238 306 2278 dilecto
320 2238 359 2277 filio
374 2251 415 2277 suo.
436 2238 536 2288 Quantum
551 2252 599 2278 uero
613 2238 638 2277 ad
653 2238 759 2279 secundum
771 2237 1006 2288 dicituradRom.11,6:

152 2313 173 2353 Si
187 2320 253 2353 autem
268 2316 334 2364 gratia,
349 2315 389 2363 jam
404 2326 442 2353 non
456 2327 484 2353 ex
498 2315 599 2365 operibus;
615 2314 699 2365 alioquin
713 2316 775 2365 gratia
786 2315 826 2363 jam
841 2327 879 2353 non
897 2319 927 2352 est
941 2315 1007 2365 gratia.

151 2389 218 2429 Potest
232 2401 280 2439 ergo
294 2388 385 2440 distingui
399 2390 466 2440 gratia,
481 2402 533 2440 quae
547 2389 578 2428 vel
593 2390 653 2428 habet
666 2403 726 2428 unum
740 2395 820 2436 tantum,
836 2389 867 2427 vel
878 2388 1009 2440 utrunquei'2

206 2463 330 2503 «Secundum
345 2464 383 2503 hoc
396 2465 453 2515 igitur
467 2464 544 2515 duplex
558 2470 588 2503 est
601 2466 670 2516 gratia:
692 2477 730 2503 una
747 2464 826 2516 quidem
840 2477 950 2515 perquam
965 2466 1008 2514 ipse

151 2541 209 2580 liomo
220 2539 264 2579 Deo
280 2540 407 2590 conjungitur,
423 2552 473 2591 quae
488 2546 569 2579 vocatur
583 2541 659 2590 gratia
674 2545 767 2591 gratum
788 2539 888 2587 faciens;
909 2539 946 2578 alia
959 2551 1007 2577 vero

151 2629 187 2667 per
201 2628 261 2667 quam
276 2627 324 2654 unus
338 2615 398 2654 homo
413 2620 530 2665 cooperatur
544 2615 598 2654 alteri
612 2614 638 2653 ad
653 2614 691 2655 hoo
705 2615 758 2666 qnod
773 2614 798 2653 ad
812 2613 877 2653 Deum
895 2613 1006 2662 reducatur,

150 2690 261 2740 hujusmodi
275 2697 340 2730 autem
355 2690 427 2730 donum
443 2695 525 2729 vocatur
538 2692 615 2741 gratia
637 2692 713 2740 gratis
731 2688 795 2737 data,
817 2690 862 2739 quia
876 2701 935 2738 supra
949 2687 1008 2727 facul-

151 2772 211 2805 tatem
230 2772 315 2813 naturae,
334 2771 354 2803 et
372 2777 431 2815 supra
448 2766 539 2804 meritum
559 2777 655 2815 personae
673 2765 746 2803 homini
760 2763 878 2803 conceditur.
906 2762 947 2802 Sed
963 2765 1007 2814 quia

150 2854 188 2880 non
210 2840 267 2879 datur
287 2839 311 2879 ad
332 2840 371 2879 hoc
388 2845 409 2878 ut
426 2839 486 2879 bomo
503 2841 546 2890 ipse
564 2852 601 2890 per
617 2852 660 2878 eam
677 2838 798 2889 justificetur,
815 2837 850 2877 sed
868 2839 933 2888 potius
947 2844 968 2877 nt
982 2838 1007 2878 ad

149 2916 306 2966 justificationem
324 2914 402 2954 alterius
421 2920 544 2965 cooperetur,
563 2913 608 2953 ideo
626 2927 665 2953 non
682 2919 764 2953 uocatur
782 2919 858 2964 gratum
876 2911 953 2953 faciens.
981 2911 1007 2952 Et

151 2990 177 3029 de
197 2991 234 3029 hac
255 2989 300 3030 dicit
319 2990 434 3040 Apostolus,
456 3000 463 3027 1
485 2989 509 3028 ad
529 2990 573 3029 Cor.
591 3001 620 3037 12,
636 3001 656 3041 7:
677 2988 787 3041 Unicuique
808 2987 865 3027 datur
878 2986 1007 3027 manifestatio

151 3066 234 3116 Spiritus
249 3064 273 3104 ad
288 3065 389 3104 utilitatem
404 3088 428 3093 -
442 3064 515 3104 scilicet
529 3063 642 3106 aliorum.»3

172 3193 178 3214 ¹
194 3194 242 3225 Cone.
254 3193 297 3226 Trid.
308 3193 349 3225 Sess.
361 3193 388 3223 Vl.
411 3193 447 3226 Can.
460 3193 477 3223 ll.

171 3245 178 3269 2
193 3246 267 3277 Summae
278 3247 323 3279 Tom.
335 3245 352 3278 ll.
365 3246 396 3284 Qu.
408 3244 447 3279 CXI.
469 3245 505 3277 An.
517 3245 528 3288 Ι,
540 3254 554 3289 3.

171 3299 251 3342 ³Att.l,
265 3308 279 3344 3.
