2178 3556
150 260 174 289 22
467 268 487 302 n,
498 267 691 302 moon-comune.
904 257 960 299 H.-F.
974 255 1007 298 Kl.

150 378 215 429 fertur,
237 382 345 423 secundum
365 398 425 437 quam
440 387 499 427 liomo
513 388 579 438 lapsus
593 400 631 428 non
646 387 705 428 modo
720 388 744 427 ad
758 389 837 436 bonum,
858 387 892 427 sed
910 390 969 427 etiam
983 387 1007 427 ad

149 455 222 497 malum
240 458 301 499 libero
319 461 396 501 arbitrio
415 471 485 511 careat,
504 465 561 515 igitur
579 463 603 502 ad
625 462 800 503 «omittendum
822 464 921 502 bonumn
945 469 965 501 et
983 462 1007 501 ad

152 529 302 574 «faciendum
318 537 416 577 malum»
432 552 496 578 mera
511 541 663 579 necessitate
677 544 813 578 moueatur.

204 607 269 649 Nemo
284 617 320 659 est,
335 613 381 662 quin
396 612 467 661 videat,
483 614 519 653 hoe
532 612 592 653 modo
607 615 692 652 omnium
707 626 770 652 rerum
785 612 886 651 moralium
905 611 1007 651 discrimen

151 683 198 724 tolli.
226 684 278 734 Quid
294 693 324 725 est
338 687 422 726 bonum?
450 687 500 737 Quid
522 694 552 727 est
573 687 657 727 malum?
691 686 733 726 Sub
754 693 836 737 aspectu
856 685 1007 726 deterministico

150 761 213 799 omnis
228 759 337 801 differentia
351 764 475 813 extinguitur.
499 761 524 801 Et
534 764 549 802 si
560 762 585 802 de
594 768 645 801 statu
656 762 737 801 hominis
752 767 797 811 post
811 761 887 812 lapsum
903 762 1007 812 quaeritur,

151 834 230 882 seilicet,
245 835 334 875 bonusne
348 850 371 875 an
382 839 445 887 potius
456 837 517 877 malus
526 840 557 883 sit.
568 837 611 876 nibil
623 837 736 887 responderi
746 843 812 887 potest
823 837 865 875 nisi:
881 835 925 875 Non
940 835 1006 888 liquet.

150 908 205 949 Mera
220 911 336 950 necessitate
349 913 398 950 sicut
412 913 499 951 machina
518 918 582 951 motus
597 934 621 941 -
636 910 660 951 ad
679 912 758 957 bonum,
776 910 800 950 ad
819 911 890 950 malum
908 934 933 940 —-
948 911 1007 951 homo

151 997 188 1024 nec
202 985 264 1024 bonus
278 997 315 1025 nec
330 986 390 1025 malus
405 988 446 1025 erit
475 986 531 1026 Ratio
546 987 623 1026 moralis
636 988 675 1036 jam
691 999 729 1025 non
744 988 819 1026 exsistit
833 986 876 1025 ulla.

205 1059 246 1100 Sed
258 1061 298 1110 jam
313 1063 332 1099 in
346 1061 396 1100 libris
411 1062 522 1112 symbolicis
539 1061 659 1109 LutbernniS,
678 1062 792 1113 praesertim
811 1062 830 1100 in
845 1060 1007 1100 Confessione

151 1135 294 1186 Augustana
308 1135 404 1187 hujusque
419 1136 544 1176 consessionis
558 1138 680 1188 Apologia
696 1137 743 1176 alius
758 1142 842 1187 apparet
855 1135 924 1175 modus
938 1135 967 1174 his
982 1136 1006 1174 de

151 1210 209 1249 rebus
223 1210 322 1262 loquendi.
351 1210 412 1250 lmmo
426 1214 444 1250 in
459 1214 522 1263 capite
538 1215 644 1263 praecipuo
664 1212 700 1252 hac
718 1211 742 1251 [le
760 1224 779 1251 re
797 1211 830 1250 tali
846 1210 905 1250 modo
923 1210 1007 1261 loquitur

150 1284 317 1334 Melanchton,
339 1293 359 1325 ut
379 1287 399 1327 in
418 1286 530 1338 Apologial
552 1287 616 1326 dicere
637 1289 732 1338 potuerit:
756 1286 875 1327 «Articulum
896 1284 961 1325 XVlll
981 1285 1006 1324 de

150 1360 211 1399 libero
226 1360 303 1401 arbitrio
317 1362 411 1412 recipiunt
425 1362 548 1404 aduersarii».

204 1434 225 1475 In
240 1436 278 1475 hoc
292 1437 371 1476 articulo
386 1437 501 1476 confitentur
515 1437 620 1476 Lutheraui
634 1436 683 1477 XVI
697 1437 777 1477 saeculi:
799 1437 841 1476 ibe
856 1437 915 1476 libero
929 1437 1007 1475 arbitrio

151 1510 223 1551 docent
236 1511 338 1563 (ecclesiae
352 1513 442 1565 nostrae),
458 1512 510 1563 quod
525 1513 610 1552 humana
623 1513 714 1552 voluntas
723 1513 795 1552 habeat
804 1512 888 1566 aliquam
897 1512 1006 1551 libertatem

150 1585 174 1625 ad
193 1584 316 1626 efficiendam
335 1587 410 1627 civilem
430 1589 521 1636 justitiam
541 1594 560 1627 et
579 1587 692 1639 deligendas
709 1601 739 1627 res
754 1589 821 1627 rationi
835 1587 937 1637 subjectas
966 1585 1007 1626 Sed

150 1674 190 1701 non
204 1661 263 1701 habet
276 1663 315 1701 vim
329 1664 382 1702 sine
392 1662 487 1714 Spiritu
501 1662 593 1702 Sancto
607 1662 722 1702 efficiendae
734 1663 819 1712 justitiae
829 1661 867 1701 Dei
876 1674 910 1701 seu
922 1663 1007 1712 justitiae

149 1737 330 1787 spiritualis...
345 1736 402 1778 Haec
416 1738 496 1776 totidem
507 1739 571 1777 uerbis
585 1737 630 1777 dicit
642 1737 814 1789 Augustinus:2
829 1736 893 1776 'Esse
908 1736 1007 1776 latemur

149 1812 252 1851 liberum
267 1813 396 1851 arbitrium
411 1813 499 1852 omnibus
513 1813 629 1860 hominibus,
643 1813 717 1852 habens
728 1812 807 1864 quidem
820 1812 912 1863 judicium
923 1813 1007 1859 rationis,

149 1899 188 1926 non
203 1899 239 1937 per
253 1887 306 1938 quod
321 1889 345 1927 sit
359 1888 450 1927 idoneum
469 1890 487 1927 in
506 1890 534 1934 iis,
556 1901 607 1939 quae
628 1888 652 1927 ad
671 1887 736 1927 Deum
756 1890 860 1938 pertinent,
882 1889 931 1927 sine
953 1886 1006 1926 Deo

148 1968 182 2002 aut
200 1963 290 2002 inchoare
309 1970 342 2002 aut
356 1969 409 2002 certe
427 1976 529 2015 peragere,
546 1963 581 2002 sed
597 1969 671 2002 tantum
689 1965 708 2002 in
726 1964 818 2014 operibus
833 1964 884 2001 vitae
898 1964 1006 2013 praesentis

149 2044 189 2077 tam
203 2038 258 2077 bonis
272 2051 332 2088 qiram
349 2040 408 2078 etiam
423 2039 483 2079 malis.
511 2038 569 2077 Bonis
584 2037 633 2086 dico,
649 2051 700 2089 quae
715 2038 806 2077 debono
821 2044 900 2077 naturae
914 2039 1005 2083 oriuntur,

148 2112 167 2151 id
189 2120 218 2152 est
239 2113 291 2152 uelle
312 2113 400 2152 laborare
421 2115 439 2152 in
459 2126 511 2165 agro,
531 2113 582 2152 velle
601 2113 718 2152 manducare
736 2120 755 2152 et
772 2113 845 2160 bibere,
864 2112 914 2152 velle
932 2111 1004 2150 habere

148 2189 231 2227 amicum
246 2219 249 2225 .
262 2219 281 2226 ..
297 2187 390 2227 fabricare
405 2187 485 2227 domum
499 2187 555 2229 ete.»

204 2262 315 2302 «Damnant
324 2262 437 2314 Pelagianos
452 2270 471 2302 et
485 2263 537 2311 alios,
549 2265 582 2314 qui
592 2263 669 2310 docent,
681 2262 733 2314 quod
749 2265 797 2302 sine
807 2262 898 2313 Spiritu
907 2261 1003 2308 Sancto,

147 2338 205 2376 solis
220 2344 324 2377 naturae
337 2339 432 2377 uiribus
447 2340 544 2388 possimus
555 2337 621 2378 Deum
635 2340 772 2389 superomnia
786 2338 872 2389 diligere,
887 2340 933 2377 item
949 2350 1004 2388 prae-

147 2418 206 2464 cepta
220 2411 258 2452 Del
273 2412 336 2452 lacere
351 2412 417 2465 quoad
432 2415 559 2453 substantiam
574 2413 684 2453 actuum.»3

202 2488 272 2538 ulgitur
287 2489 361 2527 etiamsi
378 2488 502 2528 concedimus
516 2489 578 2528 libero
592 2489 670 2528 arbitrio
685 2488 794 2528 libertatem
809 2495 830 2527 et
843 2487 954 2527 facultatem
969 2499 1004 2526 ex-

146 2570 202 2603 terna
215 2576 276 2614 opera
290 2563 337 2615 legis
353 2562 455 2610 efficiendi,
470 2571 536 2604 tamen
550 2564 582 2603 illa
602 2563 746 2614 spiritualia
766 2576 805 2602 non
824 2564 923 2601 tribuimus
941 2562 1003 2601 libero

146 2639 229 2685 arbitrio,
244 2639 317 2678 scilicet
330 2652 386 2678 uere
402 2640 469 2679 timere
483 2638 554 2686 Deum,
570 2652 626 2678 vere
642 2638 724 2678 credere
738 2637 788 2685 Deo,
807 2650 863 2676 vere
881 2643 966 2677 statuere
980 2651 1003 2677 ac

146 2715 222 2761 sentire,
238 2713 292 2764 quod
307 2713 360 2753 Deus
375 2727 410 2753 nos
425 2715 520 2765 respiciat,
536 2713 632 2761 exaudiat,
647 2715 736 2765 ignoscat
753 2714 808 2752 nobis
823 2719 859 2751 etc.
889 2712 945 2752 Haec
958 2720 1002 2752 sunt

145 2801 192 2842 uera
206 2801 267 2839 opera
281 2790 355 2839 primae
370 2789 452 2837 tabulae,
468 2802 519 2841 quae
533 2801 573 2828 non
592 2795 657 2838 potest
676 2788 782 2827 humanum
800 2800 833 2827 cor
851 2786 929 2826 elficere
949 2790 1001 2827 sine

146 2862 236 2913 Spiritu
250 2862 375 2903 Sancto»4
388 2887 414 2893 -
428 2862 460 2904 Sic
474 2870 494 2904 et
507 2864 558 2903 alibi.

198 2936 311 2988 Recepta
332 2944 352 2977 et
369 2939 530 2989 comprobata
546 2944 577 2977 est
594 2937 719 2978 consessionis
735 2938 862 2988 Augustanae
875 2936 962 2975 doctrina
976 2937 1001 2976 de

145 3013 206 3052 libero
221 3013 298 3051 arbitrio
313 3014 336 3052 ab
351 3014 460 3053 auctoribus
475 3013 682 3053 «confutationis»
699 3012 806 3052 catholicae
820 3013 848 3051 his
863 3011 937 3051 uerbis:

167 3160 173 3184 1
188 3162 223 3192 Art.
236 3161 260 3193 18.

165 3213 173 3237 2
187 3214 321 3254 Hypognosticou
332 3216 360 3247 lib.
371 3216 396 3248 ΠΙ.

167 3267 174 3290 l
189 3268 234 3302 Cous.
245 3268 289 3307 Aug.
300 3268 335 3299 Art.
348 3268 372 3300 18.

167 3322 173 3345 4
188 3323 268 3365 Apologia
279 3321 315 3352 Art.
328 3322 351 3360 ιδ,
363 3330 383 3363 73
395 3322 454 3363 (Editio
466 3323 476 3355 l.
488 3323 506 3355 T,
518 3322 606 3355 bltilleri
629 3323 685 3360 Stuttgi
699 3321 752 3362 1860).
