2178 3556
169 201 195 254 76
485 222 504 256 rc.
516 223 709 258 ucoca-sonnino,
921 214 977 256 H.-F.
991 214 1024 256 Kl

169 270 798 287 Μ

220 332 299 375 Nomen
320 338 382 377 meriti
404 351 543 393 nonnunquam
564 341 697 383 indifferenter
717 346 810 395 accipitur
830 343 855 384 de
876 345 968 396 operibus
984 351 1023 385 tam

168 407 223 447 bonis
244 424 303 464 quam
325 413 384 453 malis
400 415 507 455 secundum
528 416 584 456 illud:
608 417 693 458 «Reddit
714 419 816 472 unicuique
837 419 944 460 secundum
963 433 1024 472 opera

167 486 233 527 suall
266 486 299 528 Ex
321 491 463 531 usitatatissirna
484 505 531 532 vero
553 493 691 547 theologorum
713 494 807 545 loquendi
829 494 969 535 consuetudine
987 496 1025 536 hoc

168 574 241 602 nomen
253 564 272 602 in
287 564 359 605 bonam
374 573 448 606 tantum
462 574 538 618 partem
553 568 664 620 intelligitur
678 570 703 608 de
717 570 737 608 iis
752 569 849 620 operibus,
864 582 916 620 quae
929 570 1024 610 rationem
1055 593 1057 595 ·

167 639 249 687 praemii
266 639 297 678 vel
317 641 412 681 mercedis
431 642 518 690 induunt,
533 655 579 694 crgo
594 642 619 683 de
636 644 739 694 «operibus
757 643 782 683 ad
800 643 927 684 obtinendum
946 643 1023 694 aliquod
1047 665 1049 668 v

167 715 276 763 praemium
290 717 360 766 aptis».

220 789 251 829 De
265 791 334 831 merito
348 794 367 831 in
381 804 453 843 genere
463 792 527 832 scribit
536 791 557 832 S⁴
567 792 663 833 Thomas:
681 792 737 833 «Non
748 799 814 844 potest
828 794 910 832 hominis
923 793 948 833 acl
958 793 1023 833 Deum
1058 845 1061 849 ἲ

167 876 211 904 esse
229 865 301 915 justitia
323 866 430 906 secundum
450 867 558 907 absolutam
579 867 751 920 aequalitatem.»2
777 867 842 920 Ergo:
862 867 934 920 Neque
956 875 1024 919 potest

167 939 226 979 homo
241 939 312 992 aliquid
334 944 425 981 mereri
444 942 512 983 aDeo
527 943 638 995 simpliciter
653 950 672 983 et
693 944 807 983 absoluta
827 944 927 983 ratione¹

219 1014 252 1054 Ex
272 1014 336 1056 divina
357 1016 478 1058 ordinatione
499 1018 573 1069 pendet
591 1019 641 1066 res,3
661 1021 687 1059 ita
705 1026 726 1058 ut
744 1018 775 1058 «id
794 1019 853 1058 homo
867 1024 1023 1070 consequatura

166 1089 211 1130 Deo
225 1103 261 1141 per
275 1104 330 1131 suam
341 1094 477 1143 operationem
488 1096 542 1146 quasi
556 1094 701 1142 mercedem,
716 1093 739 1134 ad
750 1093 803 1145 quod
814 1093 868 1133 Deus
879 1094 896 1132 ei
910 1095 1021 1133 virtutem

166 1166 285 1217 operandi
302 1165 439 1217 deputavit».l

219 1241 268 1281 Tale
282 1244 372 1281 meritum
385 1244 436 1283 enim
451 1246 541 1296 proprius
556 1251 585 1285 est
600 1243 625 1284 el
628 1245 637 1284 l
640 1251 707 1285 ectus
724 1247 816 1297 gratiae
832 1244 940 1284 secundum
954 1241 1021 1282 defini-

166 1318 238 1356 tionem
259 1318 318 1368 ipsius
339 1317 360 1357 S.
382 1318 482 1359 Thomae:
503 1319 558 1359 Bona
578 1333 645 1371 opera,
666 1333 717 1371 quae
737 1327 781 1360 sunt
802 1333 832 1360 ex
852 1320 938 1372 gratia,
960 1331 1021 1369 opera

166 1393 263 1432 meritoria
284 1392 347 1432 sunt.'
377 1394 408 1433 «A
426 1393 471 1434 Deo
491 1408 530 1435 non
550 1402 618 1446 potest
638 1395 697 1435 homo
718 1394 812 1446 aliquid
833 1397 903 1434 mereri
924 1395 958 1433 nisi
978 1406 1021 1444 per

165 1466 253 1507 donum
271 1467 356 1518 ejus.›36

218 1542 269 1583 Nihil
291 1543 342 1583 aliud
364 1551 393 1585 est
414 1546 504 1584 meritum
525 1558 583 1596 quam
605 1545 658 1596 quod
679 1544 780 1596 Scriptura
801 1544 862 1585 Sacra
881 1542 1020 1583 mercedem

165 1625 233 1658 uocat:
261 1619 362 1659 «Meritum
384 1627 404 1659 et
424 1632 499 1660 merces
520 1621 544 1660 ad
565 1620 617 1660 idem
639 1619 779 1660 reserunturul
813 1619 899 1659 Abunde
920 1618 1020 1669 Scriptura

165 1692 225 1733 Sacra
242 1693 305 1741 docet,
323 1694 435 1734 mercedem
454 1708 491 1745 pro
509 1696 564 1735 bonis
583 1695 675 1745 operibus
689 1695 735 1735 dari.
763 1695 792 1735 At
806 1695 838 1734 ubi
852 1707 927 1734 merces
941 1695 966 1734 ibi
980 1706 1020 1733 me-

165 1770 228 1807 ritum.
252 1768 326 1808 Omnes
340 1769 376 1809 loci
390 1769 416 1808 illi
430 1768 542 1821 Scripturae
556 1770 634 1818 Sacrae,
650 1771 719 1821 quibus
733 1783 808 1810 merces
823 1770 905 1809 docetur
918 1782 954 1820 pro
965 1769 1019 1808 bonis

164 1845 262 1894 operibus,
283 1844 320 1883 loci
341 1845 446 1895 probantes
467 1852 512 1885 sunt
533 1848 606 1885 ratione
624 1846 755 1897 possibilitatis
773 1848 841 1886 meriti,
869 1842 1020 1885 Admittendum

164 1931 212 1970 ergo
230 1926 260 1958 est
278 1922 368 1959 meritum
387 1920 439 1971 apud
454 1920 519 1960 Deum
536 1922 618 1960 hominis
637 1922 688 1960 bene
705 1922 809 1972 operantis.
837 1920 885 1959 lnde
902 1926 1020 1958 tamennon

163 1996 256 2046 sequitur,
271 1994 337 2034 Deum
357 1996 470 2047 simpliciter
490 1995 600 2036 debitorem
620 2003 708 2036 nostrum
729 1995 785 2043 ellici,
809 1998 866 2047 «quia
887 1996 937 2034 actio
954 1999 1019 2033 nostra

163 2083 201 2111 non
217 2069 276 2109 habet
289 2072 383 2110 rationem
398 2073 461 2111 meriti
475 2073 510 2110 nisi
524 2084 551 2111 ex
568 2073 751 2123 praesuppositione
769 2071 845 2110 divinae
863 2068 1019 2110 ordinationisn.8

217 2144 282 2185 Horno
296 2148 315 2186 in
330 2149 390 2197 gratia
405 2148 519 2186 constitutus
533 2152 600 2197 potest
613 2149 684 2186 mereri
698 2152 718 2186 et
728 2145 807 2197 quidem
817 2158 844 2185 ex
853 2144 950 2196 condigno
960 2146 1019 2183 vitam

163 2227 268 2261 aeternam.

216 2295 271 2335 Haec
286 2298 394 2347 propositio
409 2309 494 2348 quonam
508 2297 568 2336 modo
581 2296 707 2348 intelligenda
721 2299 744 2336 sit
758 2309 785 2335 ex
801 2295 985 2336 considerationibus
999 2299 1019 2333 et

163 2372 312 2422 exceptionibus
327 2373 452 2422 sequentibus
466 2371 565 2423 patebit19

219 2445 250 2485 uSi
265 2446 398 2486 consideretur
412 2447 468 2500 (opus
483 2447 609 2499 meritorium)
623 2447 731 2487 secundum
745 2447 905 2486 substantiam
919 2446 984 2495 operis
999 2450 1019 2483 et

162 2521 270 2562 secundum
285 2522 339 2575 quod
354 2522 443 2573 procedit
462 2535 488 2562 ex
509 2523 586 2562 libero
607 2524 717 2570 arbitrio,
739 2524 765 2562 sic
786 2536 832 2562 non
853 2526 920 2573 potest
936 2521 961 2559 ibi
976 2533 1018 2559 csse

162 2597 283 2650 condignitas
297 2604 380 2649 propter
394 2600 518 2638 maximam
532 2598 752 2649 inaequalitatem»,
767 2597 802 2638 sed
813 2604 888 2637 tantum
900 2594 1018 2636 «secundum

162 2672 216 2724 quod
236 2673 350 2723 procedit
371 2687 400 2713 ex
420 2675 497 2725 gratia
513 2672 621 2724 Spiritus
636 2672 727 2721 Sancti,
749 2674 776 2712 sic
790 2679 820 2712 est
834 2672 952 2711 meritorium
967 2672 1018 2710 vitae

162 2754 253 2788 aeternae
274 2761 301 2788 ex
319 2748 435 2800 condigno»,
454 2749 527 2788 scilicet
545 2761 581 2798 per
597 2749 700 2787 «vinutem
714 2747 797 2799 Spiritus
812 2746 879 2786 Saucti
899 2747 1018 2786 moventis

183 2855 189 2878 ¹
204 2857 255 2890 Math.
268 2857 292 2893 rb,
303 2857 328 2889 26.

159 2912 161 2918 '
182 2908 224 2942 lll.
236 2919 283 2949 supra
293 2920 309 2949 p.
321 2919 347 2951 72.

183 2961 244 2994 3lbid.

184 3015 246 3048 libid.

182 3069 189 3092 5
204 3070 278 3101 Summae
289 3070 307 3103 Τ,
319 3070 344 3101 lll.
356 3070 387 3109 Qu.
398 3070 418 3102 X.
430 3070 465 3102 Art.
475 3069 504 3100 IV.

182 3122 189 3145 ὅ
203 3122 224 3157 V.
235 3132 282 3163 supra
293 3133 308 3162 p.
320 3131 345 3164 73.

182 3175 220 3207 lP.
233 3184 257 3217 72¹

181 3228 188 3252 Β
203 3229 243 3263 lbid,

180 3282 188 3311 9
202 3283 244 3320 Vide
255 3283 347 3324 ceteroquin
358 3284 396 3324 Cap.
408 3283 429 3314 V.
440 3283 471 3323 Qu.
482 3283 494 3323 Ι,
505 3293 515 3324 4
526 3286 589 3314 nostrae
601 3282 721 3315 dissertationis.
