2178 3556
372 1095 568 1148 Prooemium.
591 1102 592 1105 ’

93 1426 131 1475 Qui
145 1425 250 1463 sententias
264 1422 362 1472 scriptoris
377 1420 455 1468 alicujus
472 1417 534 1457 verbis
551 1417 611 1467 ipsius
630 1415 730 1465 scriptoris
748 1411 817 1459 reddit,
836 1424 898 1463 saepe

41 1502 158 1551 objurgatur,
173 1497 234 1549 quod,
249 1495 344 1547 probandi
358 1507 416 1534 causa
431 1492 485 1545 quod
500 1491 552 1538 velit,
567 1490 629 1529 verba
643 1502 670 1529 ex
685 1493 779 1528 contextu
794 1486 898 1526 revellerit.

93 1573 138 1613 Hoc
158 1572 266 1623 periculum
280 1573 295 1609 si
309 1572 383 1609 evitare
397 1570 423 1607 ita
437 1574 524 1614 conatur,
546 1572 572 1613 ut,
594 1567 640 1616 ipsis
662 1564 762 1614 scriptoris
781 1562 845 1601 verbis
860 1575 899 1601 non

41 1656 103 1697 utens,
124 1653 199 1686 tantum
219 1647 325 1685 sententias
347 1645 388 1694 ejus
405 1649 504 1693 perpetua
525 1641 656 1691 disputatione
675 1638 751 1686 reddat,
773 1637 899 1677 reclamatur:

41 1723 118 1763 Desunt
131 1727 244 1772 argumenta
259 1732 285 1759 ex
298 1721 344 1770 ipsis
359 1719 458 1768 scriptoris
472 1717 535 1756 verbis
550 1721 635 1766 sumpta.
663 1714 701 1753 Ita:

96 1795 174 1835 «incidit
187 1797 206 1833 in
220 1794 313 1845 Scyllam,
329 1795 362 1844 qui
376 1792 417 1831 vult
431 1793 492 1831 vitare
507 1790 641 1841 Charybdin».

94 1871 115 1909 ln
128 1868 311 1919 hacdisputatione
331 1870 381 1921 inter
398 1873 503 1917 utramque
522 1867 572 1904 viam
591 1864 675 1904 mediam
695 1863 795 1915 quandam
812 1863 899 1901 inuenire

42 1951 122 1984 conatus
136 1957 183 1984 sum.
218 1943 302 1982 Primum
321 1944 371 1981 enim
391 1944 433 1991 ipsa
451 1942 549 1991 scriptoris
563 1940 624 1979 verba
638 1940 728 1990 apposui,
751 1951 795 1977 eum
810 1937 899 1976 ordinem

42 2025 62 2058 et
76 2024 194 2064 contextum,
213 2030 253 2068 quo
271 2017 294 2055 ab
312 2029 336 2055 eo
357 2022 438 2055 tractata
459 2022 489 2055 est
510 2017 596 2062 materia,
618 2016 709 2061 retinens,
731 2011 802 2052 deinde
824 2012 900 2063 singula

42 2092 154 2143 ponderavi.
183 2091 210 2130 lta
224 2092 312 2142 legentes
325 2090 411 2140 judicare
428 2096 526 2141 poterunt,
541 2096 621 2129 rectene
635 2091 737 2128 materiam
753 2088 899 2139 exploraverim

42 2179 105 2218 eaque
119 2168 138 2204 in
151 2172 238 2204 nostrum
252 2166 311 2204 finem
325 2178 370 2204 usus
385 2167 426 2213 sim,
441 2178 511 2206 annon.

94 2240 152 2289 Quod
173 2247 194 2279 ut
215 2253 347 2291 assequamur,
369 2252 449 2280 necesse
471 2246 506 2287 est,
528 2238 637 2278 doctrinam
655 2240 754 2289 scriptoris
770 2244 860 2278 accurate
880 2244 900 2277 et

42 2316 122 2365 copiose
136 2314 191 2353 reddi
205 2321 225 2353 et
240 2314 319 2366 quidem
334 2328 363 2363 ea,
387 2328 425 2366 qua
438 2317 482 2365 ipse
496 2316 578 2364 scripsit,
593 2315 663 2365 lingua,
693 2314 714 2352 ln
731 2315 899 2365 argumentatione

42 2389 141 2428 subtiliore
154 2388 216 2426 nullus
231 2395 262 2428 est
274 2389 328 2428 locus
343 2390 467 2429 translationi.

95 2462 153 2515 lgitur
169 2464 204 2501 nisi
223 2478 235 2503 a
251 2467 317 2515 peritis
336 2465 412 2516 linguae
431 2463 512 2503 Latinae
526 2463 632 2514 disputatio
646 2469 712 2502 nostra
726 2464 764 2514 legi
778 2466 846 2515 utique
860 2476 899 2502 non

43 2545 126 2590 poterat,
153 2539 195 2588 Jam
209 2540 246 2579 hac
260 2539 285 2578 de
299 2551 357 2578 causa
371 2538 426 2578 lacile
441 2538 536 2578 adductus
550 2551 599 2587 sum,
618 2545 640 2577 ut
657 2538 810 2589 disputationem
829 2538 899 2578 eadem

43 2615 107 2665 lingua
121 2614 206 2662 ederem,
222 2627 261 2666 qua
274 2616 347 2664 scripta
361 2621 391 2653 est
404 2626 451 2664 pars
467 2615 508 2663 ejus
522 2615 592 2664 potior,
608 2598 629 2652 et
638 2626 697 2664 quam
708 2626 789 2653 necesse
799 2620 829 2653 est
838 2615 900 2653 sciant

42 2689 128 2740 theologi
142 2692 157 2728 si
170 2689 230 2728 modo
245 2689 365 2739 disciplinam
380 2688 511 2740 theologicam
520 2687 638 2748 perdiscere
651 2689 718 2737 velint,
733 2689 765 2728 vel
775 2694 828 2728 certe
839 2688 900 2727 nolint

43 2763 101 2813 plane
115 2765 209 2814 ignorare.
238 2762 282 2803 Huc
296 2765 383 2811 accessit,
404 2762 459 2814 quod
474 2765 532 2802 etiarn
546 2769 603 2802 extra
617 2763 742 2803 Germanicas
762 2769 822 2802 terras
841 2775 900 2814 opus-

43 2837 108 2876 culum
122 2851 187 2877 meum
201 2840 340 2877 nonneminem
354 2838 419 2889 legere
434 2838 544 2888 cupiebam.

96 2911 131 2951 His
145 2911 170 2952 de
184 2914 246 2952 causis
260 2912 329 2952 Latine
344 2912 449 2963 disputatio
464 2914 535 2963 scripta
550 2918 585 2952 est.

96 2985 171 3025 Verum
186 2989 277 3038 quoniam
292 2990 370 3026 omnino
385 2988 459 3026 nullum
476 2986 545 3026 Latine
560 2987 656 3026 scribendi
673 3000 730 3026 usum
751 2988 821 3036 habeo,
843 3001 901 3039 opus-

43 3060 108 3099 culum
129 3074 194 3100 meum
215 3062 253 3101 hoc
273 3064 345 3101 vestitu
366 3061 456 3101 indutum
476 3061 536 3101 edere
555 3075 594 3101 non
612 3075 669 3102 ausus
689 3076 758 3111 essem,
781 3065 815 3102 nisi
836 3063 901 3114 aliqua

43 3134 90 3173 mihi
104 3141 155 3174 esset
169 3148 222 3186 spes,
244 3135 290 3196 iore·
300 3142 321 3175 ut
334 3137 422 3188 legentes
437 3137 554 3188 simplicitati
569 3143 590 3176 et
603 3139 653 3177 vitiis
668 3141 762 3178 sermonis
777 3137 901 3189 indulgenter

43 3209 171 3258 ignoscerent.

75 3292 249 3322 rra-smusartaer.
264 3295 341 3322 ΗΜ.
356 3297 392 3322 iera
408 3286 457 3322 roa.
786 3291 794 3322 1
