2178 3556
67 184 122 240 1898.
137 180 174 226 No.
190 197 208 225 2.
253 197 282 229 on
294 198 376 230 onitin
388 193 470 230 ennisn
482 194 510 230 nn
521 195 550 230 nn
562 196 637 231 trenno
650 201 756 236 nnssrnmo.
892 191 917 246 63

64 314 143 362 miciliis,
158 321 250 365 tanquam
266 316 283 354 in
298 326 334 354 suo
347 327 408 366 regno
423 315 520 355 Thomam
535 316 646 357 consedisse
661 320 778 370 principenr;
798 326 857 372 atque
877 334 918 361 om-

64 392 116 431 nium
134 390 165 430 vel
184 388 287 429 doctorum
308 389 338 429 vel
360 389 470 429 auditorum
490 393 564 431 animos
585 393 643 432 miro
664 405 784 433 consensu
804 397 827 433 in
847 398 917 436 nnius

64 464 172 516 angelici
187 464 301 505 Doctoris
318 465 461 517 magisterio
476 472 500 505 et
514 468 663 506 auctoritate
677 469 878 518 conquievissenl
894 495 918 500 -

64 540 158 590 Quidvis
173 540 267 591 amplius?
295 538 383 579 Fortasse
398 541 508 580 testimonia
522 542 628 591 privata,
643 554 726 592 quorum
741 544 797 593 copia
811 556 918 596 permagna

64 616 105 655 est?
133 615 174 655 Sed
194 617 289 666 primum:
311 628 349 655 non
370 616 468 666 pertinent
482 615 506 655 ad
522 614 714 665 demonstrationem,
735 622 755 656 et
774 616 852 658 deinde:
874 621 917 659 nihil

63 692 132 731 attinet
146 704 169 731 ea
183 693 288 732 nominare.

114 765 165 806 Satis
179 766 291 806 incredibile
306 766 388 814 videtur,
403 766 438 806 hos
453 772 513 805 testes
530 778 568 805 uno
586 768 641 817 quasi
658 767 726 816 spiritu
744 767 852 818 angelicum
867 768 918 809 Doc-

63 848 125 881 torem
146 843 231 881 maxime
252 842 342 882 admirari
362 848 382 882 et
403 841 461 881 valde
481 840 589 892 despicere,
618 841 667 881 Boni
684 841 770 893 theologi
789 848 848 882 erant.
877 842 918 883 Seri

64 916 108 957 «Sic
122 923 142 956 et
156 916 221 965 Non»,
236 923 257 956 ut
271 919 320 956 inter
334 929 402 956 omnes
417 921 498 964 constat,
513 929 552 955 non
567 922 597 955 est
610 916 662 955 bona
676 916 780 967 theologia.

115 991 268 1032 Concedendum
290 991 369 1043 quidem
390 998 420 1030 est
441 993 490 1031 circa
512 991 562 1030 hanc
583 990 607 1030 de
629 993 689 1043 gratia
708 992 815 1032 doctrinam
834 993 883 1032 inter
897 1006 918 1032 se

62 1065 161 1116 disputare
175 1067 251 1106 scholas
266 1069 379 1118 praesertim
394 1054 575 1106 Thomistarum
590 1073 614 1105 et
627 1066 809 1106 hlolinistarum.
838 1066 878 1107 Sed
894 1068 918 1108 ab

61 1154 126 1181 errore
134 1144 232 1181 nominum
240 1142 350 1182 cavendum
360 1148 396 1182 est.
422 1142 548 1193 «Appellatio
558 1144 609 1181 enim
619 1145 763 1183 controversiae
773 1143 918 1182 Thomistarum

61 1223 82 1256 et
94 1215 233 1256 Molinistarum
253 1216 345 1257 inducere
365 1219 478 1268 quempiam
499 1223 571 1268 potest,
592 1225 613 1257 ut
631 1217 648 1257 id
667 1220 697 1269 agi
716 1225 779 1269 putet,
798 1217 918 1258 Sanctumne

61 1291 159 1331 Thomam
174 1305 198 1331 an
212 1291 304 1331 lllolinam
319 1294 383 1343 potius
397 1305 508 1344 sequamur.
537 1292 581 1342 Qua
598 1295 689 1343 opinione
710 1293 767 1332 nihil
789 1293 917 1333 absurdius

62 1379 106 1406 esse
126 1374 198 1418 potest.
226 1368 316 1407 hlolina
337 1370 362 1408 ita
382 1369 452 1408 librum
473 1381 529 1407 suum
551 1368 658 1417 exorditur,
680 1375 700 1408 ut
721 1382 742 1409 se
760 1368 781 1408 S.
801 1369 918 1408 Thomam

61 1443 197 1494 principem
212 1443 336 1494 solemque
351 1443 461 1495 theologiae
475 1444 601 1483 scholasticae
615 1446 671 1494 sequi
684 1444 807 1495 profiteatur;
825 1450 884 1495 atque
899 1446 918 1483 in

61 1518 112 1557 hunc
133 1518 185 1557 diem
205 1517 323 1558 Societas
347 1519 404 1567 Jesu
426 1524 537 1558 constanter
558 1518 676 1570 Angeiicum
696 1519 804 1559 Doctorem
825 1525 919 1569 tanquam

61 1593 147 1632 ducem
169 1595 218 1632 suis
239 1596 387 1644 proposuit.»
420 1593 476 1633 «Non
494 1594 539 1633 illud
561 1595 618 1645 igitur
631 1596 699 1645 agitur,
715 1601 779 1633 utrum
793 1593 813 1633 S.
828 1593 919 1633 Thomae

61 1668 168 1708 doctrinam
182 1680 207 1706 an
220 1668 298 1708 alterius
312 1670 420 1719 cujuspiam
435 1668 522 1719 profiteri
537 1669 631 1717 malimus,
646 1668 681 1708 sed
694 1676 737 1708 utra
747 1681 812 1708 earum
827 1670 918 1720 partium,

60 1745 79 1782 in
93 1756 142 1794 quas
156 1743 176 1783 S.
191 1743 282 1784 Thomae
296 1744 362 1784 schola
376 1745 413 1783 suh
427 1744 485 1784 finem
500 1744 570 1784 saeculi
580 1744 629 1783 XVI
643 1743 704 1783 divisa
719 1750 754 1791 est,
770 1746 834 1795 ipsum
848 1746 918 1783 rectius

60 1819 277 1869 interpretetur.»2

113 1894 147 1933 An
161 1893 241 1934 sortasse
251 1894 337 1945 Jesuitae
350 1894 379 1935 St.
388 1894 487 1934 Thomam
502 1896 536 1934 ita
550 1897 706 1945 interpretantur,
722 1901 743 1933 ut
757 1896 823 1944 specie
838 1894 918 1944 quidem

61 1971 210 2017 consentientes,
225 1983 246 2009 re
260 1976 326 2009 tamen
338 1972 380 2021 ipsa
389 1970 505 2021 Angelicum
520 1972 641 2021 impugnent,
656 1969 748 2009 uidelicet
762 1971 833 2019 gratiae
848 1982 917 2019 parum

60 2051 80 2084 et
94 2044 155 2084 libero
169 2045 246 2084 arbitrio
261 2047 340 2084 nimium
354 2045 499 2085 concedentes?

113 2119 164 2158 Huic
178 2122 287 2171 quaestioni
300 2122 319 2159 in
333 2120 381 2159 libro
395 2127 462 2160 nostro
476 2120 501 2160 de
516 2121 552 2160 hac
566 2133 587 2159 re
601 2122 674 2171 scripto
687 2119 829 2171 respondimus,
842 2120 875 2159 ubi
884 2120 918 2160 de-

60 2202 168 2234 monstrare
182 2198 246 2234 conati
259 2209 326 2234 sumus
336 2198 388 2247 ipsos
398 2195 480 2243 Jesuitas
489 2196 617 2249 (aduersarios
628 2195 781 2246 Thomistarum)
791 2195 834 2246 plus
844 2198 918 2246 gratiae

61 2277 81 2310 et
94 2272 157 2309 minus
171 2271 232 2309 libero
247 2272 324 2310 arbitrio
338 2272 422 2311 tribuere
437 2284 496 2323 quam
510 2271 632 2310 Lutheranos
647 2274 706 2309 nostri
720 2269 845 2321 temporisn3

115 2345 217 2385 Praeterea
232 2347 301 2385 horum
315 2349 401 2385 omnium
416 2347 511 2386 studiosos
526 2348 640 2386 remittimus
650 2346 675 2384 ad
685 2346 784 2385 historiam
796 2345 918 2396 «Congrega-

62 2423 117 2461 tionis
137 2421 161 2461 de
182 2423 276 2470 auxiliis»,
298 2428 318 2461 et
335 2422 359 2461 ad
377 2422 519 2472 praecedentes
537 2422 684 2472 disputationes
702 2420 754 2460 haud
773 2422 812 2459 scio
827 2433 851 2459 an
865 2422 918 2459 testi-

62 2498 148 2535 monium
169 2499 254 2536 omnium
275 2497 422 2537 illustrissimum
443 2498 471 2537 his
492 2497 518 2537 de
539 2497 602 2536 rebus.
633 2496 759 2547 Theologum
777 2495 867 2546 aliquem,
885 2497 918 2545 qui

61 2584 118 2610 ausus
133 2579 185 2611 esset
198 2574 333 2611 auctoritatem
347 2574 406 2623 ipsius
419 2572 447 2612 St.
459 2572 548 2612 Thomae
563 2584 634 2623 negare
649 2571 680 2610 nel
693 2573 815 2621 impugnare,
830 2568 918 2609 Ecclesia

61 2648 102 2685 sine
117 2646 181 2695 dubio,
196 2649 257 2687 missis
272 2648 361 2687 omnibus
375 2648 494 2699 ambagibus,
509 2661 520 2687 a
535 2646 695 2697 disputationibus
710 2646 818 2685 alienasset.

115 2721 156 2761 Sed
170 2723 219 2762 haec
233 2723 335 2763 hactenusl

115 2811 132 2850 3.
161 2797 237 2838 Relatio
252 2799 337 2850 denique
351 2799 450 2838 doctrinae
464 2797 484 2838 S.
499 2798 589 2837 Thomae
604 2796 629 2836 de
642 2795 779 2847 justificatione
797 2795 821 2834 ad
840 2801 918 2834 senten-

61 2875 108 2912 tiam
123 2887 183 2925 quum
197 2873 297 2913 Lutheri
318 2880 359 2913 tum
372 2872 551 2913 Lutheranismi
572 2872 682 2911 recentioris
703 2872 818 2922 praesertim
837 2872 918 2908 nostri

61 2951 179 2999 temporis
193 2961 244 2989 nunc
257 2948 392 3000 investiganda
406 2954 441 2988 est.
763 2946 765 2948 ’

83 3099 89 3121 ¹
105 3100 125 3130 V.
137 3110 148 3131 s.
162 3111 178 3140 p.
190 3102 203 3133 b.
216 3109 231 3141 7,

82 3154 90 3177 ‘2
104 3155 123 3186 G.
136 3156 273 3186 Schneemann
284 3155 300 3188 S,
311 3155 324 3194 J.
342 3153 486 3185 Controuersiarum
498 3152 518 3182 de
526 3152 593 3182 Divinae
604 3152 662 3190 gratiae
673 3151 750 3191 liberique
762 3151 820 3181 arbitrii
831 3150 917 3181 concordia

104 3209 148 3240 initia
159 3215 174 3241 et
185 3219 282 3249 progressus.
303 3207 386 3247 Freiburgi
396 3206 485 3246 Brisgoviae
498 3205 542 3238 1881,
564 3204 636 3245 P.7sq.

83 3263 90 3285 3
105 3264 135 3294 Die
146 3264 257 3295 Gnarleniehre
267 3264 302 3295 und
313 3263 339 3294 die
349 3262 389 3293 stille
400 3260 507 3292 Reiormntion
519 3259 581 3300 passim.
