2178 3556
52 201 106 264 1898.
121 209 159 251 No.
174 219 191 251 2.
240 219 267 251 on
283 220 364 252 charin
378 220 460 252 cnursrr
473 219 500 251 nr
512 218 541 250 on
552 217 627 250 crunno
639 218 745 254 annuato.
876 205 899 248 61

104 336 181 386 «Quum
195 336 304 387 Apostolus
321 335 387 384 dicit,l
404 336 503 386 justificari
521 337 621 376 hominem
638 349 675 387 per
691 337 749 377 fidem
765 345 784 377 et
797 340 862 389 gratis,
878 353 902 379 ea

48 413 108 453 uerba
122 412 142 451 in
156 424 180 451 eo
194 424 251 451 sensu
270 410 396 462 intelligenda
413 418 463 458 sunt,
483 423 541 461 quem
560 418 666 461 perpetuus
680 410 781 451 Ecclesiae
795 413 902 455 catholicae

49 500 153 529 consensus
168 486 230 526 tenuit
244 493 263 526 et
278 486 384 537 expressit3
399 492 420 524 ut
433 485 508 525 scilicet
522 498 558 535 per
572 483 631 524 tidem
641 484 686 524 ideo
699 484 798 534 justificari
809 486 902 537 dicamur,

48 564 93 616 quia
109 562 172 602 sides
187 568 222 601 est
235 561 353 600 humanae
367 559 457 599 salutis
472 560 580 607 initium,
597 557 779 599 fundamentum
794 569 819 601 et
832 563 902 604 radix

48 638 124 678 omnis
138 636 342 687 justificationis,
360 635 412 675 sine
427 647 472 685 qua
487 634 648 685 impossibile
662 641 700 673 est
715 635 814 685 placere
829 637 903 686 De0,2

49 719 68 752 et
82 711 106 751 ad
124 711 207 752 liliorum
225 712 266 761 ejus
284 711 402 750 consortium
422 710 535 761 pervenire3
557 709 633 761 gratis
655 715 719 748 autem
739 710 838 759 justificari
858 713 903 753 ideo

49 787 141 835 dicamur,
163 789 208 839 quia
228 786 288 826 nihil
311 798 404 834 eorum,
427 798 490 837 quae
512 784 716 834 justificationem
740 786 901 836 praecedunt,

48 863 100 902 sive
122 860 196 909 sides,
212 862 263 900 sive
278 874 362 912 opera,
384 861 462 910 ipsam
481 858 672 909 justificationis
691 861 792 910 gratiam
809 875 902 911 prome-

49 943 120 977 retur.
150 935 177 976 'Si
191 937 243 976 enim
257 938 319 987 gratia
333 934 382 983 est,3
396 936 436 984 jam
455 947 494 974 non
508 946 534 973 ex
549 934 650 984 operibus3
672 934 759 986 alioquin
773 959 799 964 -
813 943 833 975 ut
850 937 903 978 idem

49 1011 157 1062 Apostolus
171 1012 235 1064 inquit
248 1034 273 1040 -
288 1010 349 1062 gratia
361 1011 401 1059 jam
416 1022 455 1048 non
469 1015 499 1048 est
513 1008 611 1059 gratia'.»⁴

99 1085 163 1126 Etiam
178 1086 314 1126 Tridentinum
335 1087 383 1124 sicut
397 1083 417 1123 S.
433 1083 520 1123 Thomas
541 1083 569 1122 his
590 1085 636 1134 ipsis
655 1085 718 1124 verbis
738 1085 835 1137 distinguit
854 1089 904 1128 inter

48 1162 213 1201 remissionem
234 1167 360 1211 peccatorum
381 1161 447 1198 stricte
468 1161 495 1197 sic
512 1158 589 1206 dictam,
608 1171 658 1209 quae
676 1162 737 1210 gratia
755 1168 849 1212 operante
868 1176 903 1213 per

48 1236 107 1277 fidem
122 1235 260 1287 consequenda
274 1241 303 1274 est
317 1233 345 1286 (et
358 1246 409 1284 quae
424 1240 462 1272 tam
478 1246 538 1284 saepe
551 1232 662 1282 justificatio
680 1235 773 1288 uocatur),
791 1244 810 1276 et
824 1237 903 1277 indul-

48 1313 152 1363 gentias,
167 1323 218 1362 quae
232 1312 290 1349 etiam
304 1322 342 1361 per
354 1309 406 1348 bona
419 1321 481 1358 opera
495 1308 645 1359 consequendae
659 1317 712 1348 sunt:

102 1386 229 1427 «Docendum
251 1391 281 1424 est
298 1416 302 1423 .
318 1416 322 1424 ,
338 1416 342 1423 .
360 1384 501 1435 poenitentiam
521 1390 568 1434 post
589 1383 664 1434 lapsum
683 1416 686 1424 .
703 1415 706 1423 .
723 1417 726 1423 .
744 1388 842 1427 continere
864 1402 902 1428 non

48 1462 107 1502 modo
122 1468 158 1502 etc.
173 1474 241 1500 uerum
256 1462 314 1500 etiam
332 1457 481 1498 satisfactionem
499 1471 535 1509 per
551 1459 630 1507 jejunia,
649 1458 792 1511 eleemosynas,
806 1465 902 1503 orationes

48 1545 67 1577 et
81 1538 117 1576 alia
131 1539 163 1588 pia
176 1536 278 1587 spiritualis
293 1537 344 1574 uitae
359 1535 460 1581 exercitia;
480 1547 524 1572 non
538 1534 618 1584 quidem
633 1546 677 1585 pro
695 1547 772 1586 poena
788 1543 900 1577 aeternari

48 1637 71 1643 —
87 1613 141 1661 cujus
159 1613 291 1650 remissionem
310 1622 357 1660 ergo
376 1621 412 1659 per
426 1621 487 1659 opera
502 1608 628 1648 satisfactoria
641 1612 711 1649 mereri
726 1624 783 1650 nemo
798 1619 864 1663 potest
877 1637 903 1643 —

50 1701 120 1738 «quae
135 1700 181 1726 una
195 1699 246 1726 curn
261 1685 333 1736 culpa
347 1686 492 1731 remittitur,
507 1683 541 1723 sed
557 1697 594 1734 pro
608 1698 688 1735 poena
703 1687 868 1737 temporali.»5

100 1762 134 1801 His
153 1769 173 1801 et
190 1761 280 1801 similibus
299 1762 371 1811 positis,
390 1761 406 1798 si
424 1761 467 1809 quis
485 1758 562 1806 dixerit,
580 1759 687 1799 doctrinam
701 1760 781 1801 Concilii
795 1761 903 1803 Tridentini

47 1838 71 1877 de
84 1837 221 1887 justificatione
234 1837 288 1887 impii
302 1835 480 1886 SemIpelagianam
495 1847 537 1874 esse
552 1842 572 1873 et
588 1835 727 1886 degeneratam
743 1851 754 1876 a
767 1838 838 1888 puriori
856 1839 902 1879 doc-

47 1916 95 1952 trina
105 1912 126 1952 S.
136 1913 232 1959 Thomae,
247 1914 261 1950 is
275 1913 344 1950 miram
358 1917 411 1950 certe
425 1913 538 1961 opinionem
552 1911 612 1949 habet
623 1910 689 1950 uelde
700 1911 901 1964 Semipelagianismq

47 1989 77 2028 uel
92 1989 118 2027 de
132 1988 219 2038 patribus
229 1986 314 2035 Concilii,
330 1988 404 2037 quippe
418 1988 451 2037 qui
468 1989 497 2025 uin
508 1988 552 2037 ipso
562 1985 626 2025 medio
637 1988 724 2026 conclavi
734 1987 794 2027 ordini
803 1988 901 2038 habendo,

47 2078 83 2103 una
101 2076 146 2103 cum
164 2063 239 2103 diuinae
254 2063 366 2114 Scripturae
385 2062 483 2101 codicibus
500 2069 520 2101 et
537 2061 657 2101 Pontificium
670 2062 799 2103 hlaximorum
818 2065 901 2105 decretis

47 2139 160 2178 'Summam'
174 2139 376 2190 ThomaeAquinatis
391 2151 451 2189 super
465 2139 519 2178 altari
532 2144 601 2189 patere
615 2138 716 2185 voluerint,
733 2139 784 2179 unde
795 2141 900 2188 consilium,

46 2217 135 2262 rationes
150 2214 227 2254 oracula
241 2212 388 2265 peterentur».6

98 2289 150 2339 Quid
167 2297 233 2330 autem
251 2290 276 2329 de
294 2289 419 2340 sequentibus
437 2289 511 2329 concilii
525 2289 640 2329 canonibus?
667 2289 769 2341 Numquid
783 2298 803 2331 et
816 2292 842 2330 illi
856 2304 901 2331 con-

46 2368 97 2417 tagio
112 2365 269 2416 Semipelagiano
283 2366 349 2405 inlecti
362 2371 407 2404 sunt
421 2365 452 2404 uel
468 2378 479 2404 e
493 2367 588 2404 contrario
607 2377 671 2403 nonne
688 2367 735 2415 ipsis
752 2367 815 2405 verbIs
834 2367 901 2407 directi

46 2448 89 2480 sunt
103 2441 208 2481 aduersum
222 2442 330 2492 quemlibet
343 2441 505 2492 Pelagianismum
520 2441 551 2479 uel
566 2440 793 2492 Semipelagianismum?

100 2515 132 2555 «Si
147 2518 190 2568 quis
205 2516 280 2564 dixerit,
295 2517 393 2557 hominem
413 2519 460 2555 suis
482 2517 611 2567 operibus,
632 2529 683 2567 quae
701 2517 733 2556 uel
751 2530 787 2568 per
805 2518 901 2557 humanae

47 2598 125 2631 naturae
146 2594 202 2639 vires,
224 2593 255 2631 vel
277 2606 314 2642 per
334 2593 381 2644 legis
402 2593 510 2632 doctrinam
531 2592 583 2640 fiant,
605 2592 679 2641 absque
700 2592 765 2631 diuina
782 2606 818 2643 per
835 2593 901 2640 Jesum

46 2666 143 2706 Christum
157 2671 219 2719 gratia
231 2681 291 2719 posse
303 2669 402 2718 justificari
417 2681 482 2708 coram
497 2668 546 2715 Deo,
562 2681 578 2707 a.
593 2668 635 2709 sil

100 2741 133 2781 «Si
150 2744 193 2792 quis
211 2742 287 2791 dixerit,
305 2743 330 2783 ad
348 2743 384 2783 hoc
402 2743 465 2783 solum
480 2743 564 2781 diuinam
578 2744 659 2793 gratiam
674 2755 710 2792 per
723 2742 789 2790 Jesum
804 2742 901 2782 Christum

46 2815 91 2864 dari,
106 2823 128 2855 ut
146 2817 156 2856 l
157 2819 245 2857 acilius
264 2819 324 2859 homo
339 2821 391 2869 juste
404 2821 471 2858 viuere
485 2830 508 2857 ac
522 2819 581 2856 uitam
596 2824 695 2857 aeternam
710 2819 816 2867 promereri
831 2819 900 2869 possit3

68 2957 72 2979 ¹
87 2958 133 2989 Rom⁴
145 2969 160 2998 4,
173 2968 179 2988 1
192 2969 227 2999 sqq.

67 3010 74 3033 Ξ
88 3012 128 3042 Hbr.
141 3022 165 3052 11,
177 3013 191 3044 6.

67 3063 73 3085 ³
88 3066 134 3099 Rom.
148 3075 171 3104 11,
183 3066 199 3098 6.

67 3117 74 3140 4
89 3119 129 3150 ibid.
140 3120 178 3158 Cap.
191 3120 205 3153 8.

67 3172 73 3194 5
88 3174 104 3207 C.
117 3174 159 3204 Trid.
171 3175 213 3205 Sess.
225 3174 251 3207 Vl.
263 3175 301 3214 Cap.
315 3185 339 3214 14.

68 3227 74 3249 l
88 3228 129 3258 Vide
140 3238 188 3267 supra
200 3228 237 3267 Cap.
248 3228 272 3260 ΙΙΙ.
284 3238 299 3268 p.
312 3229 326 3263 8,

68 3279 74 3302 ἵ
88 3282 128 3315 lbid.
140 3283 179 3315 Can.
192 3291 205 3314 1.
