2178 3556
64 198 119 254 1898.
134 195 173 240 No.
188 208 206 239 2.
258 208 287 242 nn
298 208 380 242 annun
392 207 475 242 cnmsrr
486 207 514 241 ar
526 207 554 241 na
564 207 642 242 anano
654 208 759 244 manno.
891 199 915 254 65

27 335 28 338 ’
61 334 154 369 motum
177 333 200 367 et
224 328 345 387 actionem
369 327 413 366 Dei
436 326 555 375 evadere,
579 326 614 367 sed
638 330 747 369 necessario
770 330 795 368 illi
817 332 916 381 subjectus

62 401 150 456 paretnl

114 476 170 526 Sunt,
185 489 236 528 quos
250 475 304 516 Deus
321 474 391 522 oderit,
409 474 461 514 nulla
479 480 570 515 exstante
591 475 658 526 culpa:
682 476 762 516 «Paulus
784 490 810 517 ex
823 478 916 520 Malachia

61 554 133 606 probat
147 551 197 591 illam
212 550 336 591 afflictionem
350 552 401 589 sine
414 550 514 597 merito,
529 549 633 601 soloque
647 549 704 590 odio
719 550 762 591 Dei
776 553 847 593 iliatam
858 554 916 604 Esau,

61 634 83 667 ut
96 628 198 666 liberum
213 626 336 666 arbitrium
354 624 411 665 nihil
430 637 485 664 esse
498 623 633 666 concludam

114 701 170 750 Sunt,
189 703 222 753 qui
239 700 363 748 contendant,
382 698 489 739 Lutherurn
508 707 579 751 postea
596 699 763 741 determinismum
781 714 843 751 suum,
858 717 916 754 quem

61 779 176 829 praesertim
194 779 213 817 in
231 777 280 816 libro
300 775 342 815 «De
360 788 417 815 servo
435 775 524 814 arbitrio»
540 777 640 826 exposuit,
655 774 786 827 dereliquisse.
814 776 854 817 Sed
869 778 917 819 tarso

61 854 99 893 hoc
122 854 230 903 opinantur.
268 852 326 891 Anno
350 861 397 904 1537
419 851 493 890 scribit:
519 849 610 890 «Nullum
631 863 717 902 agnosco
737 864 803 892 meum
821 854 918 902 justum

61 928 130 967 librum
144 929 180 967 nisi
193 926 244 967 sorte
259 926 296 967 ’De
309 939 367 966 servo
381 926 465 965 arbitrio'
480 933 501 965 et
515 926 686 966 catechismum.»³
708 926 729 967 ln
743 931 883 968 commentario
893 930 917 969 ad

61 1002 124 1042 Galat.
139 1015 190 1042 anno
207 1013 255 1054 1537
270 1001 335 1042 scribit
348 1000 380 1054 (ad
395 1000 444 1052 Cap.
457 999 475 1048 6,
494 1001 519 1053 rt:
536 999 601 1040 «Idem
616 1003 673 1050 enini,
687 1002 741 1053 quod
755 1004 780 1042 ab
795 1004 847 1043 initio
861 1005 917 1054 hujus

61 1090 131 1117 causae
145 1077 218 1117 credidi
233 1084 253 1116 et
266 1077 323 1116 docui
337 1076 362 1116 de
374 1076 517 1127 justificatione,
536 1076 561 1115 de
576 1075 706 1117 Sacramentis
725 1085 746 1117 et
763 1078 788 1118 de
809 1080 917 1119 omnibus

61 1153 114 1192 aliis
135 1152 260 1192 doctrinae
281 1152 435 1192 Christianae
456 1152 576 1199 articulis,
598 1153 662 1192 adhuc
681 1153 746 1201 hodie,
768 1156 802 1194 nisi
822 1156 917 1205 majore

61 1227 176 1267 certitudine
191 1258 226 1268 ...
241 1227 300 1267 credo
315 1234 335 1266 et
348 1226 447 1278 profiteor,
463 1233 483 1266 et
497 1226 583 1278 quotidie
597 1227 695 1268 Christum
711 1241 752 1277 oro,
771 1235 792 1269 ut
807 1232 826 1269 in
840 1243 864 1269 ea
877 1229 918 1270 fide

61 1309 81 1342 et
102 1301 223 1342 consessione
244 1316 276 1342 me
297 1309 400 1342 conservet
420 1310 439 1342 et
458 1303 571 1343 corroboret
588 1316 650 1354 usque
669 1303 693 1343 ad
712 1304 764 1343 diem
778 1305 874 1344 adventus
888 1307 917 1344 sui

61 1377 144 1428 gloriosi.
172 1377 272 1417 Amenat

113 1451 288 1492 Determinismum
302 1465 358 1491 suurn
372 1452 507 1504 derelinquere
516 1452 613 1493 Lutherus
628 1465 648 1492 re
659 1466 706 1492 vera
720 1466 759 1493 non
772 1456 868 1505 potuisset
882 1457 917 1494 nisi

60 1539 82 1566 se
96 1528 139 1578 ipse
153 1527 296 1578 derelinquens.
323 1527 361 1568 Hic
378 1527 533 1567 determinismus
553 1534 582 1566 est
600 1534 621 1567 et
634 1534 701 1567 manet
715 1541 745 1567 res
759 1530 875 1580 principalis,
891 1542 918 1569 ex

61 1615 102 1653 qua
115 1605 209 1653 imprimis
223 1603 299 1654 pendet
312 1602 400 1643 doctrina
412 1605 453 1653 ejus
467 1605 548 1655 propria
561 1603 587 1642 de
600 1603 641 1643 fide
655 1610 675 1643 et
688 1604 787 1654 operibus.

113 1676 147 1716 Ex
161 1678 248 1718 doctrina
263 1678 288 1718 de
304 1690 372 1717 «servo
386 1679 483 1726 arbitrio»,
498 1679 552 1719 velut
566 1691 593 1718 ex
607 1678 661 1718 fonte
671 1678 782 1726 abundanti,
793 1681 918 1731 gravissimae

61 1755 213 1803 consequentiae
231 1752 317 1801 effluunt,
335 1766 395 1805 quum
414 1753 439 1793 de
456 1755 475 1793 vi
492 1760 552 1804 atque
569 1756 644 1794 ratione
659 1754 800 1804 justificationis
814 1756 918 1805 impiorum

61 1831 129 1879 agitur.

113 1902 134 1957 β)
147 1903 179 1943 De
192 1905 276 1943 essentia
288 1903 434 1953 justificationis.

113 1978 225 2027 Justificatio
244 1979 351 2019 secundum
370 1980 419 2018 hanc
437 1979 544 2019 doctrinam
558 1985 625 2029 potest
639 1985 714 2018 tantum
729 1981 834 2019 consistere
849 1982 868 2019 in
882 1992 917 2020 ex-

60 2055 143 2094 trinseca
157 2055 317 2105 imputatione
336 2055 454 2104 justitiae,
472 2054 516 2094 Deo
530 2054 571 2094 solo
586 2061 669 2106 propter
681 2053 833 2094 satisfactionem
848 2054 918 2094 Christi

61 2135 162 2179 operante.

116 2203 156 2243 «Ita
170 2205 240 2245 Christi
254 2207 322 2245 merita
336 2207 391 2245 nobis
405 2206 507 2253 donantur,
522 2213 543 2245 ut
555 2206 601 2255 justi
619 2211 761 2256 reputemur
778 2205 848 2244 fiducia
862 2206 918 2244 meri-

62 2285 126 2319 torum
140 2279 243 2319 Christi.»5

117 2354 150 2394 «ln
167 2354 259 2395 Ecclesiis
280 2359 348 2396 nostris
370 2356 422 2406 apud
444 2356 547 2408 theologos
566 2356 694 2408 Augustanae
715 2355 841 2396 confessionis
862 2361 920 2394 extra

62 2433 214 2470 controversiam
229 2434 313 2482 positum
328 2438 364 2480 est,
374 2437 436 2471 totam
447 2434 541 2483 justitiam
550 2438 637 2472 nostram
651 2438 718 2471 extra
732 2444 767 2470 nos
779 2463 782 2470 .
794 2462 797 2470 .
810 2462 813 2469 .
824 2443 919 2480 quaeren-

41 2561 42 2564 ,
63 2505 114 2554 dam,
129 2519 212 2557 eamque
226 2509 250 2545 in
263 2507 314 2547 soto
324 2507 428 2558 ,Domino
446 2515 527 2548 nostro
540 2508 585 2556 Jesu
600 2508 677 2547 Christo
691 2504 829 2546 consistere.»6

115 2580 159 2620 Tali
172 2581 238 2629 modo,
253 2584 269 2621 si
283 2595 323 2622 rem
338 2596 385 2623 vere
399 2585 529 2631 aestimamus,
544 2581 648 2622 dicendum
663 2588 704 2621 erat
719 2587 792 2620 totum
809 2580 918 2619 mundum

62 2656 99 2696 hac
120 2659 230 2697 extrinseca
250 2659 378 2709 imputatione
399 2664 481 2709 propter
503 2657 654 2697 satisfactionem
675 2669 710 2695 seu
733 2657 823 2695 meritum
842 2654 918 2702 Christi,

84 2784 90 2807 ¹
105 2786 148 2824 Opp.
159 2786 186 2819 lat.
196 2785 270 2817 Francof.
282 2797 297 2827 p.
309 2787 344 2826 255.

83 2837 144 2870 trum.
156 2840 191 2879 276.

82 2891 90 2914 3
105 2894 131 2924 De
142 2893 217 2929 Wette,
232 2893 300 2924 Luthers
310 2894 361 2924 Brieie
371 2893 391 2929 V,
403 2901 428 2932 70.

82 2945 147 2986 ⁴0pp.
158 2948 184 2977 lat.
206 2947 254 2987 Jenae
267 2947 311 2978 1611.
333 2947 444 2978 Tomvfol.
457 2954 487 2986 150
498 2956 521 2985 sq.
544 2946 601 2977 Confer
616 2949 696 2985 praeterea
707 2946 842 2977 Commentarium
854 2945 920 2976 Lutheri

105 2999 125 3031 ad
139 2999 158 3031 ls.
171 3009 195 3040 10,
208 3008 225 3029 11
239 2998 356 3041 (ann01534);
373 2999 394 3030 ad
405 3000 444 3032 Gen,
456 3000 472 3035 6,
483 2999 492 3029 6
505 2998 552 3040 (anno
569 2998 623 3041 1536);
641 2999 661 3029 ad
678 2999 787 3039 rTin1.2,4
803 2999 852 3042 (anno
869 2998 920 3038 1533?

104 3054 127 3084 sic
138 3053 207 3095 WalchJ.
230 3053 357 3084 Laurentium
369 3053 453 3089 Vallam,
470 3052 497 3091 qui
513 3052 566 3083 docuit
580 3054 642 3083 comnia
654 3051 686 3083 fieri
698 3053 793 3084 decernente
804 3053 855 3088 Deos,
866 3051 920 3083 laudat

105 3108 189 3144 Lutherus‚
200 3107 237 3147 quia
250 3107 339 3138 «delibero
351 3106 414 3138 arbitrio
424 3107 466 3137 bene
478 3106 577 3145 disputati}

83 3160 91 3182 ⁵
105 3162 154 3200 Apol.
166 3160 212 3192 Conf.
223 3161 266 3200 Aug.
277 3161 312 3191 Ari.
322 3159 367 3197 XXI,
380 3168 398 3199 19
410 3159 486 3201 (Miller).

83 3214 91 3237 ⁶
104 3216 157 3246 Form.
169 3215 218 3245 Conc.
230 3215 263 3245 Sol.
274 3215 318 3245 Deci.
329 3214 353 3254 111,
368 3221 386 3255 55
400 3212 475 3254 (Multa).

104 3269 167 3299 Werke.
189 3269 268 3308 Erlangen
281 3268 305 3310 58,
316 3277 354 3308 239;
367 3268 394 3300 cir.
405 3276 443 3303 κω
455 3273 480 3306 25,
494 3266 527 3297 182.

95 3342 268 3371 vad-Sslsh.Skrttter.
283 3342 326 3369 E-It.
335 3342 361 3369 131.
377 3342 412 3368 189³.
429 3341 457 3368 No.
465 3342 477 3367 2.
