2178 3556
102 165 157 219 1898.
172 165 210 206 No.
225 178 242 206 2.
290 178 319 209 ou
331 179 413 210 onnam
425 177 509 210 annisu
520 177 548 209 ΕΤ
560 178 589 209 on
600 178 676 210 cranao
688 179 794 215 nnarrmo,
928 182 938 222 3
942 182 951 222 7

154 293 220 335 «Haec
231 295 304 345 justitia
318 296 337 334 in
351 296 428 334 homine
438 303 504 347 potest
514 295 554 336 fieri
565 296 674 347 dupliciter:
690 295 734 336 Uno
748 298 827 348 quidem
842 297 902 338 modo
916 312 953 350 per

98 369 178 409 modum
192 369 284 421 simplicis
298 372 433 422 generationis
461 370 487 410 Et
501 372 538 410 hoc
552 371 612 411 modo
629 372 738 421 justificatio
753 379 821 422 posset
838 380 951 422 competere

98 447 156 484 etiam
171 446 188 483 ei
203 447 234 496 qui
249 458 286 485 non
301 452 354 486 esset
363 448 381 485 iu
392 454 480 496 peccato,
491 445 537 485 dum
547 446 657 496 hujusmodi
670 448 763 497 justitiam
773 459 784 485 a
794 446 837 486 Deo
847 450 950 498 acciperet,

97 523 146 561 sicut
160 520 224 560 Adam
242 521 311 561 dIcitur
330 523 429 573 accepisse
446 522 558 574 originalem
571 524 670 572 justitiam.
699 521 743 561 Alio
757 522 817 562 modo
832 529 897 573 potest
911 524 951 564 fieri

97 595 207 646 hujusmodi
219 598 291 647 justitia
305 598 324 636 in
339 598 415 637 homine
429 596 536 639 secundum
552 599 645 651 rationem
660 604 730 644 motus,
740 598 773 648 qui
783 604 813 637 est
822 597 846 637 de
856 601 950 639 contrario

96 675 115 713 in
130 673 251 721 contrarium,
266 679 286 713 et
299 673 406 713 secundum
417 673 455 714 lioc
466 673 577 724 justificatio
592 675 709 724 importat
723 674 950 714 transmutationem

96 747 221 799 quamdam
243 748 268 789 de
285 755 337 789 statu
353 751 456 800 injustitiae
472 749 495 790 ad
514 756 586 789 statum
599 750 690 800 justitiae.
717 752 743 789 Et
761 748 807 789 hoc
827 747 897 787 modo
916 749 950 789 lo-

96 825 191 875 quimur
211 825 248 864 liic
269 824 297 865 de
316 824 496 875 justificatione
517 826 593 876 impii,
616 823 723 864 secundum
744 822 790 863 illud
811 822 903 874 Apostoli
925 824 950 864 ad

95 898 153 939 Rom.
168 910 186 948 4,
202 911 222 951 5:
252 899 280 939 ’Ei
299 903 332 951 qui
350 914 388 940 non
405 907 503 951 operatur,
525 900 612 940 credenti
633 905 698 939 autem
715 900 734 937 in
752 911 797 938 eum
814 899 847 949 qui
859 899 951 948 justificat

95 977 182 1026 impium,
204 983 304 1028 reputatur
325 977 373 1017 fides
393 978 434 1026 ejus
453 976 476 1016 ad
493 977 592 1027 justitiam,
610 975 716 1015 secundum
736 976 859 1026 propositum
877 976 950 1025 gratiae

94 1052 145 1092 Deis
173 1051 199 1091 Et
219 1055 263 1103 quia
278 1059 342 1092 motus
356 1052 492 1092 denominatur
509 1054 570 1103 magis
585 1065 596 1091 a
611 1052 693 1091 termino
714 1050 742 1090 ad
765 1064 844 1102 quem,
865 1063 950 1101 quama

95 1129 177 1167 termino
191 1141 202 1167 a
216 1141 274 1179 quo,
289 1127 345 1168 ideo
360 1128 497 1178 hujusmodi
511 1128 692 1176 transmutatio,
710 1140 756 1178 qua
771 1127 861 1178 aliquis
875 1133 949 1167 trans-

94 1210 198 1243 mutatur
217 1217 227 1243 a
248 1210 314 1243 statu
335 1205 476 1254 injustitiae
498 1202 525 1242 ad
549 1210 641 1242 statum
663 1204 779 1252 justitiae
802 1215 846 1254 per
869 1204 949 1242 remis-

93 1281 185 1319 sionem
201 1281 305 1329 peccati,
320 1282 397 1319 sortitur
412 1292 503 1320 nomena
517 1282 599 1319 termino
614 1278 637 1318 ad
653 1292 718 1329 quem,
734 1286 753 1318 et
767 1285 869 1318 vocatur
881 1279 948 1327 justi-

93 1355 179 1395 ficatio
198 1357 280 1407 impii.»

148 1429 272 1470 «Secundum
294 1431 332 1471 hoc
352 1433 456 1472 remotio
479 1433 615 1482 cujuslibet
638 1433 737 1482 peccati
760 1431 853 1471 dicitnr
873 1431 948 1480 justi-

92 1505 211 1545 ficatio.»l

145 1658 163 1686 2.
192 1646 263 1687 Utrrrn
278 1647 309 1686 ad
321 1648 458 1688 remissionem
473 1649 548 1701 culpae,
564 1662 617 1701 quae
630 1654 659 1687 est
666 1647 788 1702 justificatio
799 1647 864 1699 r'rrrpr'r',
879 1647 946 1699 requi-

91 1728 153 1761 ratur
163 1723 249 1774 gratiae
261 1724 344 1775 infusio,

146 1809 240 1850 allidetur
254 1811 306 1862 quod
322 1812 346 1851 ad
360 1813 493 1851 remissionem
507 1811 583 1862 culpae,
598 1824 649 1862 quae
663 1817 693 1851 est
704 1809 816 1860 justificatio
826 1810 884 1859 impii,
900 1822 945 1849 non

91 1888 199 1936 requiratur
212 1889 284 1938 gratiae
298 1886 373 1927 infusio,
400 1886 496 1927 Remissio
511 1888 581 1938 culpae
595 1890 646 1927 enim
661 1888 747 1927 consistit
759 1888 778 1925 in
793 1887 945 1936 reputatione

90 1962 159 2009 divina,
174 1962 281 2001 secundum
295 1962 341 2002 illud
356 1963 385 2002 Ps.
399 1976 430 2015 31,
442 1975 462 2003 2:
478 1962 555 2002 ’Beatus
569 1966 599 2002 uir
608 1965 638 2002 cui
652 1976 690 2003 non
704 1964 835 2013 imputauit
849 1961 944 2001 Dominus

89 2036 206 2087 peccatum’
234 2037 275 2077 Sed
289 2036 358 2078 infusio
372 2040 445 2090 gratiae
459 2041 514 2090 ponit
529 2040 587 2078 etiam
601 2039 671 2089 aliquid
687 2042 704 2078 in
718 2038 781 2078 nobis.
807 2037 861 2089 Ergo
875 2037 944 2077 infusio

89 2116 162 2164 gratiae
177 2127 221 2154 non
235 2116 337 2165 requiritur
351 2115 375 2154 ad
389 2117 522 2155 remissionem
536 2114 640 2166 culpae»2

142 2188 182 2228 Sed
198 2196 264 2229 contra
278 2196 308 2229 est
322 2191 374 2241 quod
389 2190 458 2230 dicitur
467 2190 524 2230 Rom.
535 2204 553 2243 3,
565 2201 598 2240 aa:
616 2190 726 2239 «justificati
740 2192 799 2241 gratis
814 2202 849 2240 per
863 2191 943 2240 gratiam

88 2265 166 2315 ipsius.»

144 2338 275 2390 «Respondeo
290 2341 394 2381 dicendum
409 2342 462 2391 qnod
477 2342 535 2381 homo
550 2341 652 2392 peccando
666 2341 731 2380 Deum
749 2339 836 2380 offendit.
864 2338 945 2379 Offensa

87 2422 153 2454 autem
167 2428 206 2454 non
220 2418 323 2455 remittitur
337 2417 397 2464 alicui7
412 2418 447 2456 nisi
459 2430 496 2467 per
507 2417 545 2455 hoc
555 2417 608 2467 quod
623 2417 696 2455 animus
711 2415 780 2455 offensi
793 2420 874 2466 pacatur
883 2414 944 2454 offen-

87 2489 147 2529 denti.
182 2489 208 2529 Et
227 2490 272 2530 ideo
293 2492 400 2531 secundum
421 2492 458 2532 hoc
480 2498 607 2543 peccatum
631 2492 700 2530 nobis
724 2492 818 2529 remitti
841 2489 942 2538 dicitur,

87 2565 151 2615 quod
166 2565 229 2605 Deus
251 2566 318 2605 nobis
340 2574 450 2618 pacatur;
472 2580 522 2617 quae
537 2567 617 2617 quidem
632 2578 673 2617 pax
691 2567 803 2605 consistit
824 2567 846 2604 in
867 2564 943 2604 dilec-

87 2642 163 2687 tione,
183 2653 229 2691 qua
244 2641 309 2681 Deus
327 2642 408 2693 diligit
425 2655 466 2681 nos
535 2640 647 2681 Effectus
664 2648 729 2680 autem
745 2640 821 2680 diuinae
836 2639 942 2679 dilectionis

86 2717 105 2755 in
119 2716 181 2764 nobis,
197 2724 225 2756 est
243 2719 331 2768 gratia,
351 2730 390 2769 qua
407 2718 467 2757 homo
485 2717 506 2756 fit
523 2716 591 2767 dignus
606 2718 645 2755 uita
660 2723 744 2763 aeterna,
760 2729 771 2755 a
786 2729 824 2768 qua
840 2722 942 2766 peccatum

87 2791 169 2831 mortale
182 2792 274 2832 excludit.
302 2791 329 2832 Et
343 2793 387 2832 ideo
402 2805 441 2832 non
455 2798 523 2844 posset
536 2792 617 2843 intelligi
634 2794 720 2831 remissio
735 2792 812 2842 culpae,
827 2793 842 2830 si
857 2803 896 2830 non
910 2790 943 2830 ad-

86 2872 139 2906 esset
152 2866 219 2906 infusio
234 2869 313 2918 gratiae.

139 2941 185 2980 Post
195 2948 298 2992 peccatum
308 2956 347 2982 non
356 2948 423 2994 potest
432 2943 505 2995 (homo)
515 2955 558 2982 esse
568 2945 608 2982 sine
619 2942 682 2992 culpa,
692 2944 727 2981 nisi
739 2945 820 2994 gratiam
836 2943 939 2989 habeat.»

141 3036 147 3050 ιι
153 3016 207 3056 Sicut
220 3017 299 3057 dilectio
313 3018 351 3058 Dei
365 3031 403 3057 non
415 3019 479 3057 solum
492 3019 579 3057 consistit
592 3019 611 3056 in
625 3023 669 3056 actu
683 3018 789 3057 uoluntatis
805 3018 887 3065 divinae,
906 3017 941 3057 sed

85 3093 144 3130 etiam
161 3094 254 3143 importat
270 3094 377 3144 quemdam
395 3095 468 3144 gratiae
488 3092 616 3141 effectum,
637 3093 663 3131 ita
680 3094 739 3133 etiam
758 3098 779 3131 et
792 3093 829 3133 hoc
843 3091 897 3144 quod
911 3097 941 3133 est

106 3197 113 3219 1
127 3198 163 3229 Ari.
174 3198 186 3229 l.

105 3250 114 3273 ὓ
127 3252 163 3282 Ari.
173 3251 192 3288 ii,
205 3261 217 3284 1.
229 3262 243 3284 z.
