2178 3556
163 192 188 233 tt
479 194 498 227 κ,
509 193 701 227 anona-rouumn.
914 182 969 224 H.-F.
985 182 1017 224 m

163 308 229 350 tum)1
256 309 296 351 Sed
316 310 362 351 illud
380 318 467 353 meretur
484 312 543 352 homo
560 312 614 364 quod
631 314 738 364 imputatur
758 314 775 353 ei
794 313 903 354 secundum
923 312 1018 362 debitum,
1054 367 1058 372 ἢ

162 386 218 437 quasi
232 399 307 427 merces
322 400 405 438 operum
420 389 467 439 ejus.
491 386 554 440 Ergo
569 389 667 439 primam
682 391 783 440 gratiam
796 402 842 429 non
856 396 937 440 potest
951 389 1018 428 homo

162 461 282 502 mererin2

218 536 308 577 «Donum
330 540 403 590 gratiae
424 538 541 579 considerari
561 545 628 590 potest
649 538 759 591 dupliciter:
780 551 819 578 uno
838 538 898 578 modo
911 537 1019 578 secundum

163 613 257 652 rationem
271 616 349 665 gratuiti
364 614 419 662 doni;
434 620 454 653 et
467 615 495 653 sic
508 612 630 653 manifestum
646 620 675 653 est
689 613 742 665 quod
755 626 813 653 omne
822 614 913 653 meritum
922 619 1020 664 repugnat

162 688 243 739 gratiae,
258 690 309 741 quia,
323 695 344 728 ut
358 688 466 740 Apostolus
477 688 529 727 dicit:
545 687 572 727 ’Si
582 694 647 728 autem
661 689 728 739 gratia,
743 702 781 728 non
793 678 833 738 jam
849 700 875 728 ex
889 687 1019 739 operibus’n3

219 763 275 803 «Alio
295 763 355 803 modo
377 770 444 814 potest
464 762 580 803 considerari
601 762 707 803 secundum
731 769 818 802 naturam
839 764 899 815 ipsius
920 763 946 803 rei
967 775 1019 814 quae

163 838 254 886 donatur;
270 840 337 879 etsie
351 840 423 878 etiam
437 851 481 878 non
496 844 581 889 potest
594 837 682 878 cadere
697 838 738 877 sub
753 840 838 878 merito
852 851 897 878 non
911 838 1019 878 habentis

163 914 297 965 gratiamne

219 988 336 1040 «Postquam
354 994 420 1028 autem
439 990 480 1039 jam
498 989 565 1041 aliquis
584 989 643 1028 habet
661 989 748 1040 gratiam,
765 1001 803 1028 nnn
818 995 886 1039 potest
900 990 960 1040 gratia
979 989 1019 1038 J'am

163 1064 228 1103 habita
242 1064 277 1102 snb
292 1065 362 1103 merito
376 1063 453 1112 cadere,
468 1066 514 1116 quia
527 1076 603 1104 merces
617 1071 647 1104 est
661 1065 753 1103 terminus
768 1066 841 1115 operis;
863 1066 940 1116 gratia
960 1076 1019 1103 vero

163 1146 199 1179 est
219 1140 367 1191 principium
387 1139 523 1189 cujuslibet
542 1139 597 1179 boni
619 1140 701 1190 operis
722 1141 744 1178 in
765 1140 841 1179 nobis.
869 1138 890 1178 Si
907 1152 954 1179 vero
968 1137 1018 1178 aliud

163 1215 236 1255 donum
251 1217 355 1267 gratuitum
374 1215 442 1266 aliquis
460 1221 557 1255 mereatur
575 1216 646 1254 virtute
667 1215 740 1266 gratiae
761 1214 902 1266 praecedentis,
922 1215 962 1264 jam
981 1226 1020 1253 non

163 1292 199 1330 erit
212 1292 306 1341 priman

218 1364 287 1405 «Unde
301 1365 425 1405 manifestum
440 1373 470 1406 est
485 1367 537 1418 quod
552 1365 614 1406 nuilus
627 1373 693 1417 potest
702 1367 737 1406 sibi
746 1368 816 1405 mereri
826 1367 908 1417 primam
919 1367 1017 1418 gratiamu

219 1440 340 1480 «Dicendum
356 1447 385 1481 est
399 1442 460 1493 quod,
474 1444 523 1482 sicut
532 1442 680 1494 Augustinus
696 1441 762 1489 dicit,5
774 1443 816 1492 ipse
831 1440 935 1492 aliquando
949 1443 968 1480 in
983 1441 1020 1481 hoc

163 1515 198 1555 iuit
217 1506 320 1567 deceptus,
338 1517 391 1568 quod
411 1517 493 1557 credidit
513 1519 586 1557 initium
608 1517 653 1557 fidei
671 1530 714 1557 esse
733 1529 760 1556 ex
774 1517 834 1564 nobis,
849 1516 883 1556 sed
899 1528 1020 1556 consumma-

163 1594 236 1631 tionem
251 1593 306 1631 nobis
321 1592 362 1631 dari
377 1605 403 1632 ex
412 1592 465 1641 Deo3
480 1592 533 1644 qnod
548 1595 591 1644 ipse
605 1593 677 1632 ibidem
692 1598 792 1639 retractam
808 1599 828 1631 et
843 1591 866 1631 ad
881 1592 932 1631 hunc
941 1603 1018 1630 sensum

163 1667 241 1707 videtur
255 1669 352 1717 pertinere
367 1667 420 1718 quod
435 1667 484 1707 fides
497 1667 654 1718 justificationem
668 1673 771 1706 mereatur.
799 1667 839 1707 Sed
854 1669 870 1706 si
879 1679 1019 1718 supponamus,

162 1744 212 1783 sicut
226 1742 271 1782 fidei
285 1744 355 1782 veritas
370 1742 434 1791 habet,
450 1742 504 1794 qnod
521 1744 595 1782 initium
614 1741 660 1782 fidei
677 1743 734 1781 sitin
748 1742 803 1781 nobis
818 1755 828 1781 a
843 1741 893 1789 Deo,
906 1743 946 1792 jam
961 1743 1020 1781 etiam

162 1820 205 1868 ipse
220 1824 273 1857 actus
288 1819 414 1869 consequitur
427 1820 510 1869 primam
528 1819 618 1869 gratiam;
640 1824 660 1856 et
677 1820 703 1856 ita
721 1830 761 1856 non
775 1823 841 1867 potest
855 1829 898 1856 esse
913 1817 1020 1856 meritorius

162 1895 237 1945 primae
252 1894 330 1943 gratiae.
358 1892 402 1932 Per
423 1893 498 1933 fidem
519 1894 596 1945 igitur
614 1892 766 1943 justificatur
786 1892 866 1940 homo,
887 1905 934 1931 non
951 1892 1021 1943 quasi

162 1969 233 2008 homo
248 1967 376 2008 credendo
390 1974 513 2008 mereatur
526 1967 746 2017 justificationem,
761 1967 804 2006 sed
818 1968 873 2018 quia
887 1966 939 2005 dum
952 1967 1020 2017 justi-

163 2042 261 2091 ficatur,
284 2043 371 2095 credit,
393 2057 419 2083 eo
441 2043 507 2096 quod
528 2050 608 2083 motus
626 2043 685 2082 iidei
704 2044 840 2094 requiritur
854 2041 881 2081 ad
898 2040 1020 2091 justifica-

163 2120 254 2158 tionem
271 2119 359 2169 impii»

219 2205 284 2244 «Deus
298 2217 338 2244 non
356 2203 390 2244 dat
406 2206 488 2256 gratiam
506 2206 540 2243 nisi
558 2204 626 2255 dignis,
649 2217 692 2243 non
713 2209 794 2242 tamen
814 2205 849 2242 ita
869 2202 933 2252 quod
954 2204 1020 2253 prius

163 2281 227 2332 digni
245 2280 345 2327 fuerint,
363 2279 406 2318 sed
421 2281 477 2331 quia
494 2282 546 2330 ipse
564 2292 605 2330 per
623 2281 723 2330 gratiam
737 2290 778 2317 eos
792 2277 851 2317 iacit
865 2277 955 2329 dignos.

217 2366 282 2407 Omne
295 2367 368 2405 bonum
383 2378 432 2416 opus
447 2366 528 2404 hominis
542 2365 633 2415 procedit
646 2378 657 2404 a
672 2367 734 2415 prima
747 2365 808 2415 gratia
817 2366 867 2403 sicut
876 2376 887 2402 a
896 2361 1020 2413 principio.»6

219 2518 236 2559 5.
265 2505 336 2545 Utrum
351 2505 410 2545 tomo
420 2505 487 2556 possit
499 2504 539 2543 siri
551 2505 628 2544 mereri
642 2504 793 2556 reparationem
805 2510 853 2554 post
865 2502 951 2554 lapsum.

220 2592 299 2632 nNulius
316 2599 383 2643 potest
401 2592 437 2631 sibi
452 2592 522 2630 mereri
540 2592 684 2641 reparationem
698 2596 745 2642 post
758 2590 835 2640 lapsum
850 2588 940 2634 futurum,
955 2600 1021 2639 neque

164 2670 234 2708 merito
248 2666 344 2718 condigni,
359 2680 424 2718 neque
439 2668 507 2705 merito
521 2667 619 2717 congrui.»
1000 2657 1003 2662 ¹

220 2753 355 2793 «Desidenum
377 2766 416 2804 quo
438 2754 481 2804 quis
502 2752 600 2791 desiderat
622 2752 765 2801 reparationem
787 2756 831 2800 post
845 2750 928 2799 lapsum,
947 2749 1022 2797 justum

165 2829 243 2877 dicitur;
265 2835 285 2869 et
300 2828 387 2868 similiter
401 2830 468 2874 oratio,
483 2840 522 2881 qua
535 2829 585 2878 petit
599 2824 695 2876 ejusmodi
712 2825 862 2875 reparationem,
879 2822 947 2861 dieitur
962 2823 1020 2872 justa,

187 2990 193 3012 ¹
208 2991 238 3022 Ro.
250 3001 265 3030 4,
278 3001 292 3030 4,

128 3084 130 3087 .
186 3043 193 3067 2
208 3045 273 3075 Summa
283 3044 321 3076 ibid.
333 3043 368 3074 Art.
381 3050 394 3083 54

186 3096 193 3120 ³
208 3098 239 3129 Ro.
251 3105 275 3137 11,
286 3106 301 3137 9.

186 3150 193 3173 4
208 3151 273 3182 Summa
284 3150 322 3181 ibid,
333 3150 368 3182 Art.
381 3157 395 3189 5.

186 3204 193 3227 5
206 3204 336 3236 Retractationes
347 3202 382 3234 Lib.
394 3201 405 3239 Ι,
416 3211 451 3241 cap.
464 3210 488 3241 23.

186 3257 193 3281 θ
208 3258 273 3289 Summa
284 3257 323 3288 ibid.
334 3256 369 3288 Art.
382 3263 396 3296 5.
