2178 3556
19 241 22 245 -
73 214 129 267 1898.
144 213 182 254 No.
198 225 215 253 2.
264 225 292 257 ma
303 227 387 258 canna
399 227 481 259 caruisti
493 227 520 258 ar
532 227 560 259 m:
571 227 647 259 insano
660 229 765 261 marmio.
899 229 922 271 55

69 344 143 384 habent
156 343 250 383 rationem
269 354 356 383 causae
375 344 520 393 justificationis,
535 344 570 385 sed
584 345 716 385 conditionum
730 350 880 387 necessariarum
895 362 922 388 ex

69 424 126 472 parte
141 418 220 458 hominis
233 417 390 468 justificationem
405 420 522 470 accipientis,
537 420 590 472 quod
605 433 633 460 ex
646 422 672 468 iis,
688 434 738 472 quae
752 422 793 471 jam
808 421 857 462 dicta
871 430 921 472 sunt,

68 495 114 534 satis
135 490 195 544 patet.
223 492 250 532 Et
270 492 341 533 deinde
362 495 407 533 satis
427 506 527 546 superque
548 496 640 535 certiores
659 494 703 534 lacti
721 508 787 535 sumus
806 496 830 536 de
849 499 921 549 origine

68 570 136 609 harum
157 568 297 617 conditionum
317 576 363 608 sunt
381 570 432 608 enim
449 567 530 609 ellectus
551 568 579 608 de
594 568 645 609 Deo
666 570 685 608 in
702 569 779 610 homine
798 573 854 622 positi
869 573 922 613 salua

68 644 156 684 libertate
174 644 278 684 voluntatis
295 644 397 693 humanae,
415 644 459 685 Deo
477 651 575 692 movente,
591 658 630 684 non
644 651 734 695 cogente.
762 643 823 684 lnstar
836 649 920 686 omnium

67 720 147 759 citamus
168 719 238 768 locum,
260 732 299 772 quo
320 722 347 759 ait
360 718 380 760 S,
395 719 478 760 Doctor:
503 719 539 759 «Hi
559 725 614 759 actus
635 720 713 758 humani
733 719 766 772 (sc.
786 726 849 759 motus
868 720 921 760 liberi

67 794 137 834 arbitrii
157 796 176 834 in
192 793 257 834 Deum
278 801 298 834 et
318 796 337 834 in
358 802 461 847 peccatum
475 819 499 824 -
516 795 565 835 fides
586 801 607 834 et
627 794 754 847 poenitentia)
774 801 820 835 sunt
841 794 921 836 effectus

66 871 140 922 gratiae
153 869 284 921 operantisi1

119 955 170 1005 Quin
185 958 243 995 etiam
257 956 278 997 S.
288 955 363 997 Doctor
377 958 477 1008 expressis
491 957 556 996 verbis
569 958 683 1007 oppositam
696 957 813 996 sententiam
827 956 887 1005 rejicit
900 963 921 995 ut

66 1043 171 1071 errorem
189 1030 347 1084 Pelagianum
365 1031 414 1084 (sive
428 1031 620 1084 Semipelagianum).
648 1031 682 1071 Ait
696 1033 757 1071 enim:
774 1030 842 1071 «Hanc
855 1037 921 1071 autem

65 1119 144 1147 causam
157 1106 254 1158 Pelagiani
271 1107 371 1157 ponebant
387 1107 450 1146 solum
467 1106 549 1147 liberum
566 1107 663 1146 arbitrium
685 1107 776 1158 hominis3
798 1112 818 1145 et
838 1113 921 1157 propter

64 1181 207 1242 hocldicebant
221 1181 274 1234 quod
295 1183 391 1222 initium
412 1181 457 1222 fidei
471 1189 501 1221 est
520 1195 550 1221 ex
570 1182 649 1230 nobis,
667 1183 686 1220 in
700 1187 794 1233 quantum
809 1181 880 1221 scilicet
894 1195 921 1221 ex

64 1256 119 1296 nobis
138 1263 167 1297 est
184 1257 238 1308 quod
260 1259 336 1308 parati
356 1270 421 1297 sumus
439 1256 462 1297 ad
482 1256 628 1297 assentiendum
645 1257 673 1296 his
690 1270 741 1308 quae
758 1262 802 1295 sunt
816 1256 867 1304 fidei,
881 1256 916 1296 sed

62 1334 237 1372 consummatio
252 1331 297 1372 fidei
311 1331 432 1372 estaDeo.»
458 1331 510 1372 uSed
525 1333 562 1372 hoc
576 1338 606 1371 est
621 1331 711 1380 falsum,
726 1333 772 1383 quia
786 1345 847 1383 quum
856 1331 917 1372 homo

62 1407 186 1447 assentiendo
196 1407 224 1446 his
235 1420 286 1459 quae
295 1414 341 1447 sunt
350 1407 401 1455 fidei,
416 1407 528 1448 elevetur
541 1420 614 1458 supra
627 1413 735 1447 naturam
748 1420 822 1455 suam,
837 1413 917 1457 oportet

62 1481 117 1534 quod
130 1483 167 1523 hoc
181 1483 225 1521 insit
239 1484 256 1522 ei
271 1495 297 1522 ex
311 1483 452 1534 supernaturali
466 1483 561 1534 principio
580 1485 658 1522 interius
676 1488 775 1529 movente,
797 1481 857 1534 quod
880 1488 916 1522 est

61 1556 163 1596 Deus.»2

114 1643 178 1684 Nihilo
198 1646 261 1683 minus
282 1643 301 1683 S.
321 1644 409 1684 Thomas
429 1643 527 1684 interdum
547 1644 607 1683 modo
629 1643 722 1695 loquendi
742 1645 807 1691 utitur,
829 1656 855 1684 ex
875 1657 915 1695 quo

60 1719 177 1760 concludere
191 1721 293 1770 possimus,
308 1721 413 1768 hominem,
431 1720 539 1760 secundum
556 1718 663 1759 doctrinam
680 1721 727 1769 ejus,
750 1721 915 1759 remissionem

60 1801 218 1845 peccatorum
239 1797 327 1834 mereri
348 1807 424 1846 posse.
451 1794 567 1842 Careamus
588 1808 614 1834 ne
632 1807 669 1845 per
685 1795 722 1834 hoc
741 1796 759 1833 in
781 1793 914 1834 confusionem

59 1869 172 1908 incidamus!
201 1869 315 1909 Admodum
336 1870 423 1920 simplex
442 1882 473 1909 res
487 1883 508 1909 re
522 1883 569 1909 uera
583 1876 619 1909 est.
647 1868 711 1908 Utitur
725 1871 776 1909 enim
790 1869 811 1909 S.
826 1869 913 1909 Thomas

59 1944 115 1997 (sicut
129 1946 159 1984 alii
173 1951 261 1985 auctores
280 1945 410 1997 ecclesiastici)
426 1944 523 1985 interdum
544 1945 677 1995 appellatione
696 1946 823 1984 «remissionis
844 1957 913 1995 pecca-

59 2027 134 2060 torum»
150 2033 189 2060 uon
203 2033 239 2071 pro
254 2022 366 2060 remissione
380 2021 449 2071 culpae
464 2027 484 2059 et
499 2033 575 2071 poenae
589 2027 686 2068 aeternae,
701 2033 752 2072 quae
763 2022 810 2060 ratio
820 2019 913 2071 loquendi

58 2095 144 2145 simplex
157 2102 177 2135 et
190 2096 270 2147 vulgata
284 2102 319 2144 est,
334 2095 368 2136 sed
384 2109 420 2146 pro
432 2098 556 2136 «remissione
570 2102 635 2135 reatus
650 2108 741 2147 poenae
756 2095 913 2146 temporalis»,

59 2184 110 2222 quae
126 2171 162 2210 «ad
181 2173 262 2221 gratiam
283 2178 457 2222 cooperantem
480 2170 589 2221 pertiuet1›³
610 2177 630 2211 et
647 2170 692 2210 ideo
708 2172 743 2210 sub
758 2173 827 2211 merito
842 2169 914 2211 caditt

60 2245 181 2298 «Utrumque
196 2252 226 2285 est
240 2260 251 2285 a
265 2249 331 2298 gratia,
346 2246 381 2287 sed
395 2249 480 2297 primum
494 2247 587 2298 (remissio
602 2247 672 2297 culpae
689 2247 734 2299 etc.)
747 2260 758 2285 a
773 2249 834 2298 gratia
850 2246 911 2294 sola,

57 2321 165 2361 secundum
178 2322 272 2373 (remissio
286 2335 363 2372 poenae
377 2322 497 2374 temporalis)
511 2335 539 2361 ex
552 2315 596 2373 gra
601 2324 635 2361 tia
649 2328 674 2361 et
688 2322 765 2361 libero
784 2320 913 2362 arbitriou5

110 2407 282 2458 Indulgentias
296 2420 350 2458 ergo,
363 2420 401 2446 non
416 2421 463 2447 vero
473 2414 599 2457 peccatorum
613 2410 679 2446 stricte
693 2408 765 2447 dictam
779 2408 912 2446 remissionem

57 2484 127 2522 mereri
140 2495 250 2534 possumus

109 2620 143 2660 IV.
170 2620 336 2660 Fundamentum
347 2620 508 2673 justpicatr'onis.

109 2708 264 2748 Fundamentum
271 2706 411 2756 justificationis
422 2706 473 2746 idem
483 2706 651 2757 interpretandum
661 2712 696 2754 est,
707 2706 760 2758 quod
772 2709 829 2746 etiam
843 2720 912 2747 causa

55 2784 179 2822 meritoria
192 2781 293 2822 uocatur.6
313 2781 345 2821 De
355 2782 391 2821 hac
404 2795 425 2821 re
439 2783 524 2820 breviter
537 2782 591 2833 loqui
605 2778 714 2832 possumus,
730 2784 776 2834 quia
790 2783 834 2822 nihil
849 2784 910 2833 magis

55 2860 181 2909 conspicuum
194 2858 248 2909 apud
262 2857 380 2909 Angelicum
393 2858 495 2897 inuenitur.

76 3020 81 3041 ¹
96 3020 112 3051 Ρ,
125 3030 150 3059 42.

75 3072 82 3096 Ξ
95 3073 113 3106 P.
125 3081 150 3114 45.

75 3126 82 3149 ὅ
95 3127 112 3158 Ρ.
125 3136 143 3167 41
156 3137 178 3167 sq.

75 3180 82 3203 4
95 3181 111 3212 P.
125 3181 149 3220 36.

74 3233 81 3256 ⁵
95 3234 112 3264 P.
124 3243 149 3274 42.

75 3286 81 3309 fl
95 3287 127 3320 Cir.
140 3288 187 3319 Cone.
200 3286 243 3318 Trid,
255 3287 296 3317 sess.
307 3285 334 3319 Vl.
346 3286 383 3325 Cap.
395 3292 409 3325 7,
