2178 3556
150 197 175 238 86
471 211 490 242 rr.
502 210 692 242 rraoon-ronmnc.
904 198 959 241 H.-F.
973 198 1005 239 Kl.

149 325 173 365 ab
188 338 212 365 eo
227 325 348 376 dissentiunt,
363 327 407 368 licet
421 341 483 379 saepe
497 326 912 369 1111110100130113101111110101111101011113.
936 327 1006 368 Deter-

149 402 239 442 minismo
260 402 369 454 repudiato,
390 402 478 444 doctrina
501 402 526 443 rle
547 417 605 444 30110
626 404 702 443 arbitrio
723 403 782 454 plane
799 402 1005 451 1111111331,ᾗο11011111113

149 477 283 527 panthcisticis
304 478 330 519 de
344 478 388 519 Deo
409 482 474 519 omnia
492 486 587 530 operante
606 485 626 520 et
644 478 668 518 de
683 479 761 518 homine
776 491 854 530 prorsus
869 478 913 518 nihil
928 478 1005 518 valente

149 553 231 602 rejectis,
253 552 360 594 Lutherani
379 556 498 594 recentiores
518 554 617 594 moraliter
637 556 696 594 vitam
718 554 821 593 humanam
842 559 863 593 et
883 566 944 605 opera
964 554 1006 604 ejus

148 628 257 667 aestimant.
286 628 381 677 Iustitiam
402 628 483 669 infusam
505 635 525 669 et
541 629 675 669 inhaerentem
693 642 738 670 cum
754 627 842 669 Ecclesia
861 628 956 668 catholica
973 626 1006 667 ad-

148 703 234 749 mittunt,
255 702 287 742 illo
310 709 383 743 tantum
404 703 513 744 discrimine
533 705 653 755 interposito,
671 710 692 743 ut
711 710 776 744 actum
794 703 886 751 divinum,
904 716 943 755 quo
958 703 1006 743 haec
1054 736 1056 739 Α

147 777 220 826 justitia
239 779 313 817 interna
331 778 418 827 efficitur,
438 792 475 819 non
495 779 652 830 justificationem
675 786 823 830 nuncupent,
843 778 879 818 sed
901 777 1006 818 sanctifica-

149 852 228 892 tionem¹
255 851 296 892 Sed
313 854 350 893 hoc
364 867 387 894 re
401 868 460 894 vera
475 854 518 893 nihil
533 855 619 893 interest.
643 853 728 894 Nomina
742 860 787 893 sunt
801 867 839 894 non
854 853 926 894 odiosa.

202 926 256 967 Haec
277 932 364 969 reversio
385 929 409 968 ad
431 932 520 981 pristinas
541 931 643 981 opiniones
664 942 702 968 non
721 929 777 979 hujus
791 931 859 969 aetatis
874 936 909 968 031
937 928 1006 979 incipit

145 1002 186 1050 jam
201 1002 279 1042 saeculo
293 1002 343 1042 lel
360 1010 380 1043 et
399 1005 464 1053 habet,
481 1008 530 1045 sicut
547 1007 626 1046 omnino
643 1005 673 1045 illa
694 1003 817 1045 «reformatio
836 1007 913 1052 tacitan,
927 1003 952 1043 de
967 1016 1006 1055 qua

148 1090 207 1127 supra
217 1079 294 1129 saepius
305 1078 395 1126 diximus,
405 1079 604 1121 Melanchtonem
618 1080 746 1132 principalem
761 1086 865 1120 auctorem.
884 1078 926 1127 lani
939 1078 1005 1129 «Apo-

149 1151 210 1203 logia»
232 1154 272 1201 ejus
291 1154 328 1194 hoc
346 1161 433 1194 testatur.
462 1155 554 1195 Continet
571 1157 623 1196 enim
640 1156 670 1196 hic
686 1155 735 1195 liber
753 1154 779 1195 de
796 1157 865 1194 merito
879 1161 899 1194 et
913 1153 1005 1194 mercede

150 1226 200 1267 dicta
214 1229 320 1278 praeclara,
336 1229 435 1270 doctrinae
448 1229 548 1271 Ecclesiae
563 1231 588 1271 de
602 1232 671 1271 merito
685 1231 736 1270 bene
751 1230 896 1270 concordantia:

204 1302 253 1343 «Hic
273 1304 362 1344 addimus
382 1307 441 1345 etiam
463 1305 488 1346 de
502 1308 594 1356 praemiis
612 1313 632 1345 et
653 1305 678 1346 de
696 1308 775 1346 merito:
795 1305 895 1345 Docemus
913 1304 1004 1356 operibus

148 1376 235 1418 fidelium
257 1381 359 1431 proposita
380 1393 422 1420 esse
440 1382 536 1432 promissa
551 1387 571 1421 et
588 1382 680 1431 praemia.
708 1380 828 1421 Docemus
848 1380 911 1420 bona
930 1391 1004 1430 opera

148 1455 274 1494 meritoria
296 1468 356 1503 esse,
377 1469 415 1495 non
437 1457 553 1495 remissionis
574 1462 711 1507 peccatorum»
732 1479 753 1484 -
771 1455 824 1506 quod
838 1453 926 1495 Ecclesia
947 1466 1004 1493 nnn-

148 1541 217 1578 quam
233 1529 360 1570 1100110111Ψ
373 1532 456 1582 «gratiae
471 1538 504 1570 aut
516 1531 675 1581 justificationis»,
692 1530 738 1571 «sed
755 1531 833 1571 aliorum
847 1531 1004 1581 praemiorum

148 1605 315 1654 corporalium
337 1612 359 1645 et
379 1607 545 1656 spiritualium
566 1608 588 1645 in
606 1607 649 1646 hac
666 1608 716 1646 vita
735 1613 758 1646 et
777 1612 832 1657 post
846 1605 907 1645 hanc
921 1606 1003 1651 vitam,

148 1681 194 1728 quia
203 1679 272 1719 Paulus
286 1681 370 1732 inquit:1
384 1680 529 1734 'Unusquisque
544 1684 624 1733 recipiet
638 1681 751 1722 mercedem
763 1683 819 1731 juxta
833 1693 890 1720 suum
904 1679 1003 1719 laborem’.

147 1752 210 1793 Erunt
230 1757 286 1806 igitur
306 1756 402 1796 dissimilia
424 1760 510 1808 praemia
532 1763 615 1808 propter
635 1757 736 1797 dissimiles
758 1757 839 1796 labores.
871 1755 900 1795 At
918 1756 1004 1794 remissio

147 1836 273 1880 peccatorum
291 1831 356 1871 similis
373 1838 393 1871 et
411 1832 497 1883 aequalis
515 1840 544 1873 est
562 1832 710 1872 011111111112-
728 1832 781 1883 quod
795 1830 883 1871 Ecclesia
904 1843 1005 1881 semper

147 1903 246 1944 docuerat.

201 1980 344 2021 «Concedimus
365 1989 385 2022 et
406 1984 449 2031 hoc,
471 1984 525 2035 quod
547 1984 687 2034 eleemosynae
704 1989 815 2022 mereantur
831 1983 893 2022 multa
910 1981 1004 2022 beneficia

147 2054 189 2102 Dei,
208 2058 298 2108 mitigent
315 2070 396 2108 poenas,
414 2059 468 2109 qnod
486 2066 602 2106 mereantur,
620 2065 641 2097 ut
655 2057 785 2098 defendamur
798 2059 816 2097 in
831 2057 920 2108 periculis
934 2069 1004 2107 peeca-

146 2136 210 2169 torum
225 2138 245 2170 et
259 2134 332 2180 mortis,
347 2135 394 2172 sicut
408 2134 468 2185 paulo
483 2141 528 2174 ante
543 2134 568 2173 de
583 2140 623 2173 tota
637 2135 758 2185 poenitentia
772 2131 889 2172 diximusu3

199 2206 258 2256 Quod
273 2208 342 2247 attinet
355 2207 379 2246 ad
394 2211 540 2259 exceptionem,
554 2221 593 2260 qua
608 2208 681 2256 dicitur,
696 2209 747 2247 bona
762 2220 822 2259 opera
832 2206 876 2247 Deo
891 2207 969 2258 plaeere
983 2212 1004 2246 et

145 2281 259 2322 mercedem
279 2285 350 2322 mereri
371 2296 407 2334 per
430 2283 515 2332 fidem,
539 2285 577 2324 hoc
598 2297 636 2323 non
657 2285 767 2323 necessario
788 2282 885 2322 discordat
906 2281 1004 2321 doctrinae

145 2356 252 2405 Ecclesiae,
267 2361 344 2410 quippe
359 2371 409 2410 quae
424 2361 483 2399 etiam
497 2359 573 2408 doceat,
589 2359 702 2399 fidelium
717 2371 761 2398 esse
771 2358 867 2398 duntaxat
877 2369 943 2408 opera,
954 2369 1004 2409 quae

145 2435 225 2484 proprie
247 2433 299 2473 dictu
319 2433 432 2474 mercedem
450 2441 566 2476 mereantur.
596 2433 648 2484 Quid
666 2434 702 2473 sibi
720 2434 764 2473 vult
781 2433 866 2485 alioquin
880 2432 930 2472 haec
942 2432 1003 2471 oratio

146 2507 170 2547 de
191 2510 272 2548 merito?
299 2508 320 2548 Si
341 2510 390 2549 haec
410 2512 503 2562 exceptio
524 2510 549 2550 ad
566 2510 620 2549 idem
637 2514 742 2560 spectaret,
761 2508 813 2560 quod
828 2507 925 2547 Lutherus
939 2509 1003 2555 sentit,

145 2585 197 2623 bona
215 2597 277 2635 opera
293 2598 366 2636 nempe
385 2587 480 2625 rationem
498 2585 594 2625 duntaxat
608 2585 680 2624 habere
695 2585 849 2624 testimoniorum
864 2582 915 2630 fidei,
930 2582 1003 2621 nullum

145 2665 211 2698 autem
228 2659 315 2699 valorem
333 2661 352 2699 in
370 2662 444 2711 seipsis,
464 2660 524 2700 verba
542 2660 682 2700 Melanchtonis
701 2659 726 2699 de
745 2660 814 2698 merito
833 2664 866 2698 aut
880 2658 932 2697 omni
945 2669 1003 2696 sensu

145 2741 239 2783 carerent,
256 2742 288 2775 aut
306 2735 378 2775 nullam
396 2738 464 2788 utique
483 2736 601 2786 praeberent
618 2734 699 2774 tutelam
712 2734 816 2773 moralitati
829 2732 943 2772 validiorem
958 2731 1004 2772 doc-

145 2812 194 2849 trina
210 2813 286 2861 privata
304 2810 390 2850 Lutheri.
417 2810 451 2850 Ad
470 2811 529 2850 talem
546 2816 612 2850 autem
630 2809 710 2849 tutelam
729 2807 863 2860 praebendam
885 2807 945 2846 verba
962 2806 1003 2846 llle-

145 2876 252 2925 lanchtonis
266 2887 294 2925 his
309 2886 356 2926 locis
370 2892 461 2938 spectare
475 2885 571 2927 videntur.

198 2960 263 3009 Quum
284 2974 331 3012 ergo
353 2962 439 3013 theologi
461 2967 592 3013 protestantes
613 2961 673 2999 nostri
690 2960 792 3009 temporis,
810 2957 964 2998 detenninistieis
982 2962 1003 2996 et

144 3035 276 3087 pantheisticis
291 3037 414 3086 opinionibus
428 3050 468 3076 non
482 3037 573 3084 obstricti,
589 3035 614 3075 de
628 3036 698 3074 merito
711 3034 818 3085 loquuntur
827 3039 852 3077 et
869 3032 894 3072 de
911 3031 1003 3073 mercede

166 3164 172 3186 1
189 3174 195 3195 1
209 3165 244 3195 Cor.
257 3173 272 3203 3,
285 3164 299 3197 8.

164 3217 172 3240 ἓ
184 3218 233 3258 Apol.
245 3217 345 3257 0111111λ
357 3218 392 3252 Art.
404 3218 428 3258 Ill,
438 3227 463 3259 73,
473 3228 497 3259 sq.

164 3271 172 3294 3
186 3272 227 3306 ibid.
240 3278 275 3313 157.
