2178 3556
57 214 111 269 1898.
126 212 164 258 No.
179 227 197 257 2.
230 226 268 277 'nu
279 228 362 260 nunna
374 227 456 260 canisii
469 228 495 260 ur
507 226 535 259 on
546 227 622 259 trenno
635 227 741 260 nnurrmo.
881 217 904 256 81

54 354 118 386 nostra
133 346 152 385 in
165 358 187 385 se
201 351 220 385 et
234 358 271 397 per
285 359 306 386 se
324 347 430 398 quicquam
449 346 521 386 habent
537 347 595 398 pretii
613 346 647 386 sed
663 325 792 387 indifferentia
806 354 856 387 sunt.
883 346 905 386 Si

53 434 100 461 vere
114 420 219 460 dicendum
234 428 269 468 est,
285 433 323 460 non
337 434 372 460 nos
386 427 467 472 agentes
481 434 553 469 sumus,
572 421 606 461 sed
625 421 677 460 solus
692 421 747 461 Deus
761 434 797 472 per
811 435 852 461 nos.
879 421 906 461 Ut

52 497 117 536 verbis
132 495 242 535 Tridentini
262 502 314 535 utar:
338 495 417 547 «Opera
438 496 465 535 ita
484 503 528 536 sunt
549 503 600 536 tota
621 495 675 543 Dei,
698 503 719 535 ut
740 509 776 535 non
793 497 832 536 sint
848 498 905 536 etiam

53 578 137 621 nostra»,
151 570 196 610 Deo
210 571 252 610 solo
266 584 301 610 nos
315 570 441 611 infallibiliter
453 578 546 612 movente
560 571 615 611 velut
632 571 731 610 machinas
748 572 847 611 inanimes.
875 571 905 612 De

52 645 146 686 infallibili
164 645 251 698 quodam
270 645 341 686 effectu
359 646 433 698 gratiae
447 646 485 687 Dei
504 647 562 687 etiam
577 645 598 686 S.
613 645 707 693 Thomas,
726 653 746 686 ut
763 647 818 686 nobis
832 653 905 694 notum,

52 721 127 761 locutus
146 727 193 761 erat.
220 720 261 761 Sed
280 722 307 762 ita
325 734 366 761 rem
385 722 472 773 explicat
486 729 507 762 ut
520 722 580 762 homo
594 721 704 761 nullatenus
718 728 799 773 cogatur
813 721 844 761 vel
858 723 906 761 sicut

52 796 141 837 machina
161 797 249 836 inanimis
270 804 366 837 movetur.
393 796 432 837 Hic
452 805 517 837 autem
540 796 591 836 nulla
612 797 709 848 reperitur
729 797 807 836 libertas
828 804 906 848 praeter

53 871 144 919 divinam,
163 871 214 911 nulla
232 872 282 912 actio
301 879 379 923 praeter
396 871 488 913 divinam.
516 872 679 912 Determinismus
698 872 811 912 immediate
825 873 844 912 in
858 886 906 923 pan·

53 947 157 987 theismum
171 947 243 995 transit,
259 947 292 986 ubi
306 947 397 987 dilabitur
411 961 469 987 omne
483 947 558 987 finitum
573 948 592 987 in
606 947 681 988 infinito
695 949 745 987 sicut
758 954 813 1000 gutta
823 949 843 987 in
852 949 905 995 mari,

53 1029 73 1062 et
87 1022 119 1061 ubi
134 1021 235 1062 diversitas
249 1022 295 1062 boni
310 1029 330 1062 et
344 1022 388 1062 mali
403 1023 454 1062 nulla
469 1023 509 1072 jam
526 1030 561 1062 est.
590 1021 629 1062 Ubi
647 1024 699 1063 enim
713 1023 767 1063 Deus
784 1036 823 1062 non
841 1022 907 1062 differt

53 1110 65 1136 a
78 1096 156 1145 mundo,
171 1109 210 1136 non
224 1096 289 1136 diflert
303 1097 376 1137 bonum
389 1110 401 1136 a
415 1098 471 1137 malo.

104 1171 142 1211 Hic
162 1172 225 1211 omnis
245 1171 344 1211 moralitas
364 1172 442 1212 tollitur.
470 1171 496 1212 Et
516 1173 561 1212 hinc
581 1173 676 1212 severitas
698 1173 736 1220 illa,
758 1185 797 1224 qua
817 1171 907 1212 Ecclesia

52 1260 127 1287 errores
144 1246 307 1286 deterministicos
325 1246 415 1295 Jansenii,
433 1247 539 1296 Quesnelli,
556 1246 636 1286 Lutheri
655 1248 778 1299 aliorumque
794 1248 906 1299 prostravit.

51 1321 181 1362 Moralitatem
196 1328 250 1361 etot
265 1328 285 1361 et
299 1323 356 1361 tantis
371 1324 466 1362 erroribus
480 1324 498 1362 ei
515 1323 660 1362 imminentibus
678 1336 757 1363 servare
772 1348 796 1353 —
812 1324 849 1363 hoc
866 1329 907 1362 erat

52 1410 120 1437 munus
134 1396 241 1443 Ecclesiae,
257 1403 276 1436 et
290 1397 322 1436 hic
336 1403 376 1436 erat
389 1399 457 1437 unicus
471 1397 519 1445 finis,
535 1397 582 1436 dum
596 1397 638 1437 illas
648 1405 669 1437 et
678 1398 751 1437 similes
761 1399 907 1449 propositiones

52 1472 161 1514 damnabat.

105 1548 127 1587 In
141 1547 225 1587 eundem
243 1547 302 1587 finem
321 1546 383 1587 tendit
398 1548 484 1598 positive
498 1547 586 1587 doctrina
599 1547 701 1587 Ecclesiae
715 1547 741 1587 de
754 1547 906 1588 sanctificatione

54 1630 74 1663 et
91 1624 192 1674 speciatim
210 1622 234 1662 de
253 1624 328 1663 merito.
356 1621 415 1661 Salva
434 1635 477 1662 esse
495 1623 593 1662 moralitas
611 1623 685 1673 nequit,
700 1624 736 1662 nisi
750 1624 803 1662 salva
818 1624 906 1663 libertate

53 1699 142 1738 humana.
163 1698 192 1738 At
206 1698 259 1736 salva
273 1710 317 1736 esse
331 1697 408 1736 libertas
423 1697 506 1736 bumana
520 1699 589 1749 nequit
604 1699 639 1736 nisi
653 1698 691 1737 boc
704 1699 807 1749 principio,
818 1700 907 1738 omnibus

53 1773 161 1813 actionibus
175 1785 190 1812 s.
200 1773 293 1823 operibus
306 1773 399 1812 libertatis
414 1772 509 1823 aliquid
524 1786 555 1812 ex
570 1773 714 1824 nobisipsis
733 1774 823 1822 inesse,
843 1787 908 1826 neque

53 1849 118 1888 omnia
132 1860 175 1887 esse
192 1854 243 1887 «tota
257 1847 314 1886 Dei».
342 1847 372 1886 At
384 1848 422 1886 hoc
442 1847 539 1898 aliquid
560 1854 660 1899 tamquam
677 1849 777 1888 moraliter
795 1849 908 1889 indifferens

54 1922 176 1963 considerare
190 1922 218 1961 ias
232 1935 271 1961 non
288 1929 322 1961 est.
350 1922 445 1973 Alioquin
466 1935 529 1961 rursus
550 1922 711 1974 demergeremur
731 1925 750 1962 in
769 1938 823 1964 mare
844 1925 908 1965 deter-

53 1998 176 2038 ministicum.
205 1997 291 2048 Oportet
311 2010 361 2048 opus
382 2004 468 2036 nostrum
489 1998 513 2036 sit
534 2010 599 2037 coram
616 1998 660 2038 Deo
678 2005 781 2050 acceptum
801 2008 820 2039 et
837 2000 909 2039 habeat

55 2072 101 2124 quid
116 2074 180 2123 pretii,
199 2073 218 2112 id
236 2079 274 2111 est:
296 2072 381 2123 Oportet
402 2085 452 2123 opus
473 2079 560 2111 nostrum
580 2074 605 2111 sit
626 2074 786 2114 meritorium,
814 2075 841 2114 Et
860 2076 908 2116 baec

54 2149 163 2199 propositio
177 2147 223 2187 nihil
238 2148 290 2187 aliud
300 2148 353 2187 valet
363 2161 422 2199 quam
432 2148 542 2198 propositio
552 2147 624 2187 Sacrae
633 2147 753 2199 Scripturae,
764 2163 822 2189 omne
835 2151 908 2189 bonum

54 2236 103 2274 opus
117 2223 255 2263 mercedem
273 2223 346 2262 babere
360 2221 412 2273 apud
426 2222 499 2263 Deum.

101 2297 147 2338 ,Has
166 2299 191 2337 ob
210 2311 278 2337 causas
294 2298 375 2349 intelligi
393 2304 465 2348 potest,
480 2298 588 2337 doctrinam
603 2298 627 2338 de
642 2300 712 2338 merito
727 2313 765 2339 non
779 2313 822 2340 esse
836 2300 909 2340 donum

54 2373 134 2425 aliquod
154 2372 325 2423 «superadditum»
342 2372 441 2412 doctrinae
459 2373 485 2412 de
498 2373 656 2422 sanctificatione,
676 2375 730 2426 quod
745 2376 807 2423 liceat,
822 2377 876 2416 salua
890 2384 910 2416 et

55 2450 130 2500 integra
144 2448 231 2488 doctrina
245 2448 271 2487 de
285 2447 444 2510 sanctificatione,
458 2447 592 2496 excludamus
607 2449 638 2487 vel
653 2452 718 2499 potius
733 2450 786 2501 quod
804 2451 909 2491 excludere

56 2523 167 2563 debeamus
196 2522 319 2574 Impossibile
336 2529 371 2562 est.
382 2510 531 2562 ⁴*Sanctificati0
550 2523 602 2562 enim
619 2524 693 2563 ratione
712 2526 776 2564 meriti
790 2538 856 2565 carere
871 2540 909 2566 non

55 2604 127 2649 potest.
155 2597 195 2637 Ubi
211 2597 338 2637 sanctificatio
355 2598 382 2636 ibi
397 2598 495 2637 meritum.
522 2597 637 2637 Admodum
658 2599 729 2648 injuste
749 2613 796 2652 ergo
817 2601 909 2641 infamata

54 2680 84 2714 est
97 2673 185 2713 doctrina
199 2672 223 2712 de
237 2674 307 2713 merito
322 2686 333 2712 a
346 2673 506 2724 protestantibus.

105 2748 168 2789 Recte
190 2754 286 2799 concepta
307 2748 394 2787 doctrina
413 2747 438 2788 de
456 2749 525 2787 merito
542 2750 650 2788 necessaria
669 2756 700 2789 est
715 2751 774 2790 tutela
788 2752 908 2800 moralitatis,

54 2824 95 2863 sine
114 2837 153 2875 qua
170 2824 222 2863 locus
240 2823 319 2863 daretur
337 2824 388 2862 uitae
406 2824 459 2862 omni
474 2824 582 2862 moralitate
596 2824 698 2874 spoliatae.
727 2825 795 2865 Vanae
810 2828 862 2865 enim
877 2833 909 2865 aut

54 2900 94 2938 vim
111 2899 183 2938 nullam
201 2899 296 2939 habentes
314 2905 379 2937 essent
397 2898 451 2949 leges
468 2898 557 2946 morales,
576 2900 591 2937 si
609 2911 677 2938 verum
696 2906 753 2947 esset,
768 2913 830 2950 opera
843 2907 909 2941 nostra

54 2980 87 3014 aut
100 2975 120 3013 in
133 2980 232 3025 potestate
246 2979 312 3013 nostra
325 2975 362 3012 sita
376 2986 415 3012 non
429 2985 478 3019 esse,
492 2980 525 3011 aut
534 2986 571 3023 per
580 2986 601 3012 se
611 2974 664 3012 omni
673 2975 748 3013 ratione
758 2975 826 3014 morali
836 2988 908 3024 carere,

55 3056 88 3089 aut
100 3050 169 3089 saltem
184 3061 249 3088 coram
262 3048 307 3088 Deo
321 3048 347 3087 nil
361 3049 419 3098 pretii
438 3048 515 3095 habere,
533 3048 553 3086 id
572 3054 609 3087 est:
630 3049 726 3088 rationem
747 3050 811 3089 meriti
829 3063 908 3101 prorsus

55 3125 126 3165 nullam
147 3124 224 3163 habere.
259 3122 389 3174 Experientia
410 3122 492 3174 quidem
513 3122 611 3170 discimus,
637 3124 721 3162 inveniri
742 3124 843 3175 quosdam,
868 3127 906 3176 qui,

55 3200 123 3239 talibus
138 3199 262 3250 opinionibus
276 3198 370 3244 obstricti,
384 3197 507 3236 nihilominus
517 3197 599 3236 honeste
610 3199 681 3237 vivant.
703 3198 832 3249 Experientia
843 3206 907 3239 autem

56 3275 115 3315 etiam
128 3279 215 3321 testatur,
229 3273 318 3312 homines
332 3271 430 3312 interdum
443 3271 533 3311 meliores
548 3284 591 3311 esse
606 3272 695 3312 doctrina
709 3286 749 3313 sua.

88 3359 179 3387 vin-semu.
188 3357 259 3385 sermea.
276 3357 319 3384 E-it.
327 3357 352 3384 m„
369 3358 404 3384 1898.
421 3356 449 3384 iro.
457 3358 469 3383 a.
803 3348 813 3380 6
