<?xml version="1.0" encoding="UTF-8"?>
<!DOCTYPE html PUBLIC "-//W3C//DTD XHTML 1.0 Transitional//EN"
    "http://www.w3.org/TR/xhtml1/DTD/xhtml1-transitional.dtd">
<html xmlns="http://www.w3.org/1999/xhtml" xml:lang="en" lang="en">
 <head>
  <title>
</title>
<meta http-equiv="Content-Type" content="text/html;charset=utf-8" />
  <meta name='ocr-system' content='tesseract 3.04.00' />
  <meta name='ocr-capabilities' content='ocr_page ocr_carea ocr_par ocr_line ocrx_word'/>
</head>
<body>
  <div class='ocr_page' id='page_1' title='image "./MN41857ucmf_1_0092.png"; bbox 0 0 2178 3556; ppageno 0'>
   <div class='ocr_carea' id='block_1_1' title="bbox 468 187 1008 233">
    <p class='ocr_par' dir='ltr' id='par_1_1' title="bbox 468 187 1008 233">
     <span class='ocr_line' id='line_1_1' title="bbox 468 187 1008 233; baseline -0.006 -3"><span class='ocrx_word' id='word_1_1' title='bbox 468 199 488 233; x_wconf 71' lang='lat' dir='ltr'>x,</span> <span class='ocrx_word' id='word_1_2' title='bbox 500 197 691 230; x_wconf 75' lang='lat' dir='ltr'>moon-sonnino.</span> <span class='ocrx_word' id='word_1_3' title='bbox 906 187 961 228; x_wconf 85' lang='lat' dir='ltr'>H.-F.</span> <span class='ocrx_word' id='word_1_4' title='bbox 977 187 1008 228; x_wconf 82' lang='lat' dir='ltr'>m.</span> 
     </span>
    </p>
   </div>
   <div class='ocr_carea' id='block_1_2' title="bbox 152 314 1010 2407">
    <p class='ocr_par' dir='ltr' id='par_1_2' title="bbox 206 314 408 367">
     <span class='ocr_line' id='line_1_2' title="bbox 206 314 408 367; baseline 0.005 -12"><span class='ocrx_word' id='word_1_5' title='bbox 206 314 239 355; x_wconf 92' lang='lat' dir='ltr'>Sic</span> <span class='ocrx_word' id='word_1_6' title='bbox 254 328 314 367; x_wconf 88' lang='lat' dir='ltr'>quum</span> <span class='ocrx_word' id='word_1_7' title='bbox 331 315 408 356; x_wconf 86' lang='lat' dir='ltr'>dicitur:</span> 
     </span>
    </p>

    <p class='ocr_par' dir='ltr' id='par_1_3' title="bbox 152 389 1009 740">
     <span class='ocr_line' id='line_1_3' title="bbox 209 389 1009 443; baseline 0.003 -13"><span class='ocrx_word' id='word_1_8' title='bbox 209 389 242 430; x_wconf 84' lang='lat' dir='ltr'>«Si</span> <span class='ocrx_word' id='word_1_9' title='bbox 252 393 294 443; x_wconf 83' lang='lat' dir='ltr'>quis</span> <span class='ocrx_word' id='word_1_10' title='bbox 309 391 387 441; x_wconf 81' lang='lat' dir='ltr'><strong>dixerit,</strong></span> <span class='ocrx_word' id='word_1_11' title='bbox 401 392 482 433; x_wconf 88' lang='lat' dir='ltr'>liberum</span> <span class='ocrx_word' id='word_1_12' title='bbox 497 393 593 433; x_wconf 83' lang='lat' dir='ltr'>arbitrium</span> <span class='ocrx_word' id='word_1_13' title='bbox 608 393 690 433; x_wconf 91' lang='lat' dir='ltr'>hominis</span> <span class='ocrx_word' id='word_1_14' title='bbox 700 406 711 432; x_wconf 90' lang='lat' dir='ltr'>a</span> <span class='ocrx_word' id='word_1_15' title='bbox 721 391 765 433; x_wconf 92' lang='lat' dir='ltr'>Deo</span> <span class='ocrx_word' id='word_1_16' title='bbox 779 399 854 433; x_wconf 90' lang='lat' dir='ltr'>motum</span> <span class='ocrx_word' id='word_1_17' title='bbox 869 399 888 433; x_wconf 91' lang='lat' dir='ltr'>et</span> <span class='ocrx_word' id='word_1_18' title='bbox 903 394 1009 433; x_wconf 89' lang='lat' dir='ltr'>excitatum</span> 
     </span>
     <span class='ocr_line' id='line_1_4' title="bbox 154 465 1008 520; baseline 0.006 -17"><span class='ocrx_word' id='word_1_19' title='bbox 154 465 198 504; x_wconf 87' lang='lat' dir='ltr'>nihil</span> <span class='ocrx_word' id='word_1_20' title='bbox 214 469 314 518; x_wconf 86' lang='lat' dir='ltr'>cooperari</span> <span class='ocrx_word' id='word_1_21' title='bbox 329 467 453 508; x_wconf 79' lang='lat' dir='ltr'>assentiendo</span> <span class='ocrx_word' id='word_1_22' title='bbox 468 467 512 508; x_wconf 91' lang='lat' dir='ltr'>Deo</span> <span class='ocrx_word' id='word_1_23' title='bbox 527 469 618 508; x_wconf 79' lang='lat' dir='ltr'>excitanti</span> <span class='ocrx_word' id='word_1_24' title='bbox 632 475 692 519; x_wconf 86' lang='lat' dir='ltr'>atque</span> <span class='ocrx_word' id='word_1_25' title='bbox 706 469 788 516; x_wconf 82' lang='lat' dir='ltr'>vocanti,</span> <span class='ocrx_word' id='word_1_26' title='bbox 799 481 839 520; x_wconf 90' lang='lat' dir='ltr'>quo</span> <span class='ocrx_word' id='word_1_27' title='bbox 849 467 874 507; x_wconf 84' lang='lat' dir='ltr'>ad</span> <span class='ocrx_word' id='word_1_28' title='bbox 884 467 1008 508; x_wconf 90' lang='lat' dir='ltr'>obtinendam</span> 
     </span>
     <span class='ocr_line' id='line_1_5' title="bbox 152 540 1009 595; baseline 0.004 -16"><span class='ocrx_word' id='word_1_29' title='bbox 152 540 292 591; x_wconf 86' lang='lat' dir='ltr'>justificationis</span> <span class='ocrx_word' id='word_1_30' title='bbox 309 544 390 594; x_wconf 84' lang='lat' dir='ltr'>gratiam</span> <span class='ocrx_word' id='word_1_31' title='bbox 408 557 428 583; x_wconf 89' lang='lat' dir='ltr'>se</span> <span class='ocrx_word' id='word_1_32' title='bbox 447 544 539 595; x_wconf 75' lang='lat' dir='ltr'>disponat</span> <span class='ocrx_word' id='word_1_33' title='bbox 556 551 576 584; x_wconf 92' lang='lat' dir='ltr'>et</span> <span class='ocrx_word' id='word_1_34' title='bbox 592 550 703 594; x_wconf 82' lang='lat' dir='ltr'>praeparet,</span> <span class='ocrx_word' id='word_1_35' title='bbox 721 556 786 595; x_wconf 87' lang='lat' dir='ltr'>neque</span> <span class='ocrx_word' id='word_1_36' title='bbox 804 556 863 594; x_wconf 88' lang='lat' dir='ltr'>posse</span> <span class='ocrx_word' id='word_1_37' title='bbox 880 542 981 583; x_wconf 81' lang='lat' dir='ltr'>dissentire</span> <span class='ocrx_word' id='word_1_38' title='bbox 994 545 1009 582; x_wconf 92' lang='lat' dir='ltr'>si</span> 
     </span>
     <span class='ocr_line' id='line_1_6' title="bbox 154 616 1009 670; baseline 0.002 -15"><span class='ocrx_word' id='word_1_39' title='bbox 154 616 206 664; x_wconf 84' lang='lat' dir='ltr'>velit,</span> <span class='ocrx_word' id='word_1_40' title='bbox 222 617 257 657; x_wconf 91' lang='lat' dir='ltr'>sed</span> <span class='ocrx_word' id='word_1_41' title='bbox 272 617 331 657; x_wconf 84' lang='lat' dir='ltr'>ueluti</span> <span class='ocrx_word' id='word_1_42' title='bbox 346 620 428 659; x_wconf 90' lang='lat' dir='ltr'>inanime</span> <span class='ocrx_word' id='word_1_43' title='bbox 443 618 543 670; x_wconf 76' lang='lat' dir='ltr'>quoddam</span> <span class='ocrx_word' id='word_1_44' title='bbox 558 618 601 657; x_wconf 88' lang='lat' dir='ltr'>nihil</span> <span class='ocrx_word' id='word_1_45' title='bbox 616 621 695 658; x_wconf 88' lang='lat' dir='ltr'>omnino</span> <span class='ocrx_word' id='word_1_46' title='bbox 709 630 773 669; x_wconf 84' lang='lat' dir='ltr'>agere,</span> <span class='ocrx_word' id='word_1_47' title='bbox 788 631 882 669; x_wconf 89' lang='lat' dir='ltr'>mereque</span> <span class='ocrx_word' id='word_1_48' title='bbox 897 620 974 670; x_wconf 79' lang='lat' dir='ltr'>passive</span> <span class='ocrx_word' id='word_1_49' title='bbox 988 631 1009 658; x_wconf 92' lang='lat' dir='ltr'>se</span> 
     </span>
     <span class='ocr_line' id='line_1_7' title="bbox 153 692 319 740; baseline 0.012 -9"><span class='ocrx_word' id='word_1_50' title='bbox 153 692 232 740; x_wconf 91' lang='lat' dir='ltr'>habere,</span> <span class='ocrx_word' id='word_1_51' title='bbox 248 706 264 733; x_wconf 88' lang='lat' dir='ltr'>a.</span> <span class='ocrx_word' id='word_1_52' title='bbox 279 694 319 732; x_wconf 72' lang='lat' dir='ltr'>sul</span> 
     </span>
    </p>

    <p class='ocr_par' dir='ltr' id='par_1_4' title="bbox 155 766 1010 971">
     <span class='ocr_line' id='line_1_8' title="bbox 210 766 1010 820; baseline 0.001 -12"><span class='ocrx_word' id='word_1_53' title='bbox 210 766 242 808; x_wconf 78' lang='lat' dir='ltr'>«St</span> <span class='ocrx_word' id='word_1_54' title='bbox 259 770 301 819; x_wconf 89' lang='lat' dir='ltr'>quis</span> <span class='ocrx_word' id='word_1_55' title='bbox 320 769 400 809; x_wconf 87' lang='lat' dir='ltr'>liberum</span> <span class='ocrx_word' id='word_1_56' title='bbox 420 770 500 808; x_wconf 88' lang='lat' dir='ltr'>hominis</span> <span class='ocrx_word' id='word_1_57' title='bbox 517 770 613 808; x_wconf 84' lang='lat' dir='ltr'>arbitrium</span> <span class='ocrx_word' id='word_1_58' title='bbox 633 775 679 820; x_wconf 93' lang='lat' dir='ltr'>post</span> <span class='ocrx_word' id='word_1_59' title='bbox 695 769 752 809; x_wconf 86' lang='lat' dir='ltr'>Adae</span> <span class='ocrx_word' id='word_1_60' title='bbox 767 775 870 819; x_wconf 86' lang='lat' dir='ltr'>peccatum</span> <span class='ocrx_word' id='word_1_61' title='bbox 884 771 976 809; x_wconf 90' lang='lat' dir='ltr'>amissum</span> <span class='ocrx_word' id='word_1_62' title='bbox 990 775 1010 809; x_wconf 89' lang='lat' dir='ltr'>et</span> 
     </span>
     <span class='ocr_line' id='line_1_9' title="bbox 155 843 1010 893; baseline 0.001 -10"><span class='ocrx_word' id='word_1_63' title='bbox 155 845 262 884; x_wconf 84' lang='lat' dir='ltr'>extinctum</span> <span class='ocrx_word' id='word_1_64' title='bbox 278 856 320 883; x_wconf 90' lang='lat' dir='ltr'>esse</span> <span class='ocrx_word' id='word_1_65' title='bbox 334 844 411 891; x_wconf 82' lang='lat' dir='ltr'>dixerit,</span> <span class='ocrx_word' id='word_1_66' title='bbox 428 851 461 884; x_wconf 89' lang='lat' dir='ltr'>ant</span> <span class='ocrx_word' id='word_1_67' title='bbox 478 857 519 884; x_wconf 90' lang='lat' dir='ltr'>rem</span> <span class='ocrx_word' id='word_1_68' title='bbox 538 856 580 883; x_wconf 88' lang='lat' dir='ltr'>esse</span> <span class='ocrx_word' id='word_1_69' title='bbox 597 843 623 883; x_wconf 91' lang='lat' dir='ltr'>de</span> <span class='ocrx_word' id='word_1_70' title='bbox 639 845 682 884; x_wconf 91' lang='lat' dir='ltr'>solo</span> <span class='ocrx_word' id='word_1_71' title='bbox 702 843 762 891; x_wconf 85' lang='lat' dir='ltr'>titulo,</span> <span class='ocrx_word' id='word_1_72' title='bbox 780 845 819 884; x_wconf 90' lang='lat' dir='ltr'>imo</span> <span class='ocrx_word' id='word_1_73' title='bbox 839 844 914 884; x_wconf 88' lang='lat' dir='ltr'>titulum</span> <span class='ocrx_word' id='word_1_74' title='bbox 927 846 969 885; x_wconf 89' lang='lat' dir='ltr'>sine</span> <span class='ocrx_word' id='word_1_75' title='bbox 983 857 1010 893; x_wconf 92' lang='lat' dir='ltr'>re,</span> 
     </span>
     <span class='ocr_line' id='line_1_10' title="bbox 155 917 843 971; baseline 0 -12"><span class='ocrx_word' id='word_1_76' title='bbox 155 920 269 970; x_wconf 84' lang='lat' dir='ltr'>figmentum</span> <span class='ocrx_word' id='word_1_77' title='bbox 285 918 369 971; x_wconf 90' lang='lat' dir='ltr'>denique</span> <span class='ocrx_word' id='word_1_78' title='bbox 384 933 394 958; x_wconf 93' lang='lat' dir='ltr'>a</span> <span class='ocrx_word' id='word_1_79' title='bbox 409 919 481 959; x_wconf 81' lang='lat' dir='ltr'>Satara</span> <span class='ocrx_word' id='word_1_80' title='bbox 495 921 591 960; x_wconf 83' lang='lat' dir='ltr'>invectum</span> <span class='ocrx_word' id='word_1_81' title='bbox 607 921 625 958; x_wconf 90' lang='lat' dir='ltr'>in</span> <span class='ocrx_word' id='word_1_82' title='bbox 639 917 753 967; x_wconf 83' lang='lat' dir='ltr'>Ecclesiam,</span> <span class='ocrx_word' id='word_1_83' title='bbox 769 933 785 960; x_wconf 84' lang='lat' dir='ltr'>a¹</span> <span class='ocrx_word' id='word_1_84' title='bbox 800 919 843 958; x_wconf 78' lang='lat' dir='ltr'>sn2</span> 
     </span>
    </p>

    <p class='ocr_par' dir='ltr' id='par_1_5' title="bbox 154 992 1010 1273">
     <span class='ocr_line' id='line_1_11' title="bbox 209 992 1009 1047; baseline 0.001 -14"><span class='ocrx_word' id='word_1_85' title='bbox 209 992 241 1033; x_wconf 79' lang='lat' dir='ltr'>«Si</span> <span class='ocrx_word' id='word_1_86' title='bbox 256 996 297 1045; x_wconf 91' lang='lat' dir='ltr'>quis</span> <span class='ocrx_word' id='word_1_87' title='bbox 312 994 389 1042; x_wconf 84' lang='lat' dir='ltr'>dixerit,</span> <span class='ocrx_word' id='word_1_88' title='bbox 406 1008 443 1035; x_wconf 91' lang='lat' dir='ltr'>non</span> <span class='ocrx_word' id='word_1_89' title='bbox 458 1008 501 1035; x_wconf 91' lang='lat' dir='ltr'>esse</span> <span class='ocrx_word' id='word_1_90' title='bbox 515 998 534 1034; x_wconf 89' lang='lat' dir='ltr'>in</span> <span class='ocrx_word' id='word_1_91' title='bbox 549 1002 647 1047; x_wconf 87' lang='lat' dir='ltr'>potestate</span> <span class='ocrx_word' id='word_1_92' title='bbox 661 996 749 1043; x_wconf 88' lang='lat' dir='ltr'>hominis,</span> <span class='ocrx_word' id='word_1_93' title='bbox 763 996 804 1035; x_wconf 86' lang='lat' dir='ltr'>vias</span> <span class='ocrx_word' id='word_1_94' title='bbox 816 1008 860 1035; x_wconf 91' lang='lat' dir='ltr'>suas</span> <span class='ocrx_word' id='word_1_95' title='bbox 870 994 929 1035; x_wconf 88' lang='lat' dir='ltr'>malas</span> <span class='ocrx_word' id='word_1_96' title='bbox 940 994 1009 1043; x_wconf 83' lang='lat' dir='ltr'>lacere,</span> 
     </span>
     <span class='ocr_line' id='line_1_12' title="bbox 154 1069 1009 1122; baseline -0.001 -13"><span class='ocrx_word' id='word_1_97' title='bbox 154 1070 189 1110; x_wconf 88' lang='lat' dir='ltr'>sed</span> <span class='ocrx_word' id='word_1_98' title='bbox 208 1070 259 1109; x_wconf 84' lang='lat' dir='ltr'>mala</span> <span class='ocrx_word' id='word_1_99' title='bbox 275 1083 336 1120; x_wconf 86' lang='lat' dir='ltr'>opera</span> <span class='ocrx_word' id='word_1_100' title='bbox 354 1072 385 1118; x_wconf 88' lang='lat' dir='ltr'>ita,</span> <span class='ocrx_word' id='word_1_101' title='bbox 405 1078 426 1110; x_wconf 89' lang='lat' dir='ltr'>ut</span> <span class='ocrx_word' id='word_1_102' title='bbox 443 1071 500 1118; x_wconf 88' lang='lat' dir='ltr'>bona,</span> <span class='ocrx_word' id='word_1_103' title='bbox 518 1069 583 1111; x_wconf 90' lang='lat' dir='ltr'>Deum</span> <span class='ocrx_word' id='word_1_104' title='bbox 599 1072 683 1121; x_wconf 89' lang='lat' dir='ltr'>operari,</span> <span class='ocrx_word' id='word_1_105' title='bbox 700 1084 739 1110; x_wconf 92' lang='lat' dir='ltr'>non</span> <span class='ocrx_word' id='word_1_106' title='bbox 757 1072 872 1122; x_wconf 86' lang='lat' dir='ltr'>permissive</span> <span class='ocrx_word' id='word_1_107' title='bbox 888 1070 958 1118; x_wconf 90' lang='lat' dir='ltr'>solum,</span> <span class='ocrx_word' id='word_1_108' title='bbox 975 1069 1009 1110; x_wconf 89' lang='lat' dir='ltr'>sed</span> 
     </span>
     <span class='ocr_line' id='line_1_13' title="bbox 154 1145 1010 1198; baseline 0 -14"><span class='ocrx_word' id='word_1_109' title='bbox 154 1147 212 1185; x_wconf 91' lang='lat' dir='ltr'>etiam</span> <span class='ocrx_word' id='word_1_110' title='bbox 227 1147 306 1197; x_wconf 87' lang='lat' dir='ltr'>proprie</span> <span class='ocrx_word' id='word_1_111' title='bbox 321 1152 340 1185; x_wconf 93' lang='lat' dir='ltr'>et</span> <span class='ocrx_word' id='word_1_112' title='bbox 354 1159 391 1197; x_wconf 92' lang='lat' dir='ltr'>per</span> <span class='ocrx_word' id='word_1_113' title='bbox 404 1159 431 1194; x_wconf 89' lang='lat' dir='ltr'>se,</span> <span class='ocrx_word' id='word_1_114' title='bbox 445 1145 496 1187; x_wconf 90' lang='lat' dir='ltr'>adeo</span> <span class='ocrx_word' id='word_1_115' title='bbox 511 1153 532 1186; x_wconf 92' lang='lat' dir='ltr'>ut</span> <span class='ocrx_word' id='word_1_116' title='bbox 545 1148 569 1186; x_wconf 92' lang='lat' dir='ltr'>sit</span> <span class='ocrx_word' id='word_1_117' title='bbox 587 1148 688 1198; x_wconf 90' lang='lat' dir='ltr'>proprium</span> <span class='ocrx_word' id='word_1_118' title='bbox 706 1148 747 1197; x_wconf 90' lang='lat' dir='ltr'>ejus</span> <span class='ocrx_word' id='word_1_119' title='bbox 764 1160 814 1198; x_wconf 91' lang='lat' dir='ltr'>opus</span> <span class='ocrx_word' id='word_1_120' title='bbox 832 1159 870 1186; x_wconf 92' lang='lat' dir='ltr'>non</span> <span class='ocrx_word' id='word_1_121' title='bbox 888 1147 950 1185; x_wconf 91' lang='lat' dir='ltr'>minus</span> <span class='ocrx_word' id='word_1_122' title='bbox 967 1158 1010 1196; x_wconf 90' lang='lat' dir='ltr'>pro·</span> 
     </span>
     <span class='ocr_line' id='line_1_14' title="bbox 154 1221 620 1273; baseline 0.002 -12"><span class='ocrx_word' id='word_1_123' title='bbox 154 1222 200 1261; x_wconf 92' lang='lat' dir='ltr'>ditio</span> <span class='ocrx_word' id='word_1_124' title='bbox 214 1221 281 1270; x_wconf 85' lang='lat' dir='ltr'>Judae,</span> <span class='ocrx_word' id='word_1_125' title='bbox 296 1235 355 1273; x_wconf 85' lang='lat' dir='ltr'>quam</span> <span class='ocrx_word' id='word_1_126' title='bbox 370 1224 446 1262; x_wconf 85' lang='lat' dir='ltr'>vocatio</span> <span class='ocrx_word' id='word_1_127' title='bbox 461 1221 533 1270; x_wconf 78' lang='lat' dir='ltr'>Pauli,3</span> <span class='ocrx_word' id='word_1_128' title='bbox 547 1235 563 1263; x_wconf 88' lang='lat' dir='ltr'>a.</span> <span class='ocrx_word' id='word_1_129' title='bbox 578 1222 620 1261; x_wconf 75' lang='lat' dir='ltr'>s.»4</span> 
     </span>
    </p>

    <p class='ocr_par' dir='ltr' id='par_1_6' title="bbox 153 1296 1010 1576">
     <span class='ocr_line' id='line_1_15' title="bbox 208 1296 1010 1350; baseline -0.002 -14"><span class='ocrx_word' id='word_1_130' title='bbox 208 1296 240 1337; x_wconf 77' lang='lat' dir='ltr'>«Si</span> <span class='ocrx_word' id='word_1_131' title='bbox 255 1299 297 1349; x_wconf 89' lang='lat' dir='ltr'>quis</span> <span class='ocrx_word' id='word_1_132' title='bbox 316 1297 394 1346; x_wconf 85' lang='lat' dir='ltr'>dixerit,</span> <span class='ocrx_word' id='word_1_133' title='bbox 415 1311 476 1350; x_wconf 86' lang='lat' dir='ltr'>opera</span> <span class='ocrx_word' id='word_1_134' title='bbox 497 1300 567 1346; x_wconf 88' lang='lat' dir='ltr'>omnia,</span> <span class='ocrx_word' id='word_1_135' title='bbox 588 1311 639 1349; x_wconf 87' lang='lat' dir='ltr'>quae</span> <span class='ocrx_word' id='word_1_136' title='bbox 658 1304 703 1338; x_wconf 89' lang='lat' dir='ltr'>ante</span> <span class='ocrx_word' id='word_1_137' title='bbox 721 1297 879 1348; x_wconf 86' lang='lat' dir='ltr'>justificationem</span> <span class='ocrx_word' id='word_1_138' title='bbox 896 1296 949 1343; x_wconf 85' lang='lat' dir='ltr'>fiunt,</span> <span class='ocrx_word' id='word_1_139' title='bbox 964 1308 1010 1347; x_wconf 91' lang='lat' dir='ltr'>qua·</span> 
     </span>
     <span class='ocr_line' id='line_1_16' title="bbox 153 1372 1010 1425; baseline -0.005 -12"><span class='ocrx_word' id='word_1_140' title='bbox 153 1386 230 1423; x_wconf 86' lang='lat' dir='ltr'>cunque</span> <span class='ocrx_word' id='word_1_141' title='bbox 245 1375 319 1413; x_wconf 90' lang='lat' dir='ltr'>ratione</span> <span class='ocrx_word' id='word_1_142' title='bbox 339 1372 390 1413; x_wconf 85' lang='lat' dir='ltr'>sacta</span> <span class='ocrx_word' id='word_1_143' title='bbox 406 1376 449 1423; x_wconf 84' lang='lat' dir='ltr'>sint,</span> <span class='ocrx_word' id='word_1_144' title='bbox 468 1387 515 1414; x_wconf 83' lang='lat' dir='ltr'>uere</span> <span class='ocrx_word' id='word_1_145' title='bbox 533 1387 576 1413; x_wconf 90' lang='lat' dir='ltr'>esse</span> <span class='ocrx_word' id='word_1_146' title='bbox 592 1380 680 1425; x_wconf 88' lang='lat' dir='ltr'>peccata,</span> <span class='ocrx_word' id='word_1_147' title='bbox 699 1374 730 1413; x_wconf 87' lang='lat' dir='ltr'>vel</span> <span class='ocrx_word' id='word_1_148' title='bbox 748 1372 814 1412; x_wconf 87' lang='lat' dir='ltr'>odium</span> <span class='ocrx_word' id='word_1_149' title='bbox 830 1372 867 1412; x_wconf 91' lang='lat' dir='ltr'>Dei</span> <span class='ocrx_word' id='word_1_150' title='bbox 884 1372 959 1420; x_wconf 87' lang='lat' dir='ltr'>mereri,</span> <span class='ocrx_word' id='word_1_151' title='bbox 978 1377 1010 1410; x_wconf 92' lang='lat' dir='ltr'>aut</span> 
     </span>
     <span class='ocr_line' id='line_1_17' title="bbox 153 1448 1009 1501; baseline -0.002 -14"><span class='ocrx_word' id='word_1_152' title='bbox 153 1455 227 1500; x_wconf 88' lang='lat' dir='ltr'>quanto</span> <span class='ocrx_word' id='word_1_153' title='bbox 241 1448 377 1488; x_wconf 83' lang='lat' dir='ltr'>uehementius</span> <span class='ocrx_word' id='word_1_154' title='bbox 391 1451 433 1501; x_wconf 91' lang='lat' dir='ltr'>quis</span> <span class='ocrx_word' id='word_1_155' title='bbox 447 1451 512 1490; x_wconf 91' lang='lat' dir='ltr'>nititur</span> <span class='ocrx_word' id='word_1_156' title='bbox 525 1463 546 1490; x_wconf 92' lang='lat' dir='ltr'>se</span> <span class='ocrx_word' id='word_1_157' title='bbox 561 1450 665 1500; x_wconf 86' lang='lat' dir='ltr'>disponere</span> <span class='ocrx_word' id='word_1_158' title='bbox 679 1449 704 1489; x_wconf 87' lang='lat' dir='ltr'>ad</span> <span class='ocrx_word' id='word_1_159' title='bbox 717 1450 804 1501; x_wconf 83' lang='lat' dir='ltr'>gratiam,</span> <span class='ocrx_word' id='word_1_160' title='bbox 815 1454 869 1488; x_wconf 91' lang='lat' dir='ltr'>tanto</span> <span class='ocrx_word' id='word_1_161' title='bbox 879 1461 924 1487; x_wconf 88' lang='lat' dir='ltr'>eum</span> <span class='ocrx_word' id='word_1_162' title='bbox 933 1448 1009 1498; x_wconf 80' lang='lat' dir='ltr'>gravius</span> 
     </span>
     <span class='ocr_line' id='line_1_18' title="bbox 153 1524 332 1576; baseline -0.011 -11"><span class='ocrx_word' id='word_1_163' title='bbox 153 1537 243 1576; x_wconf 86' lang='lat' dir='ltr'>peccare,</span> <span class='ocrx_word' id='word_1_164' title='bbox 258 1538 275 1563; x_wconf 90' lang='lat' dir='ltr'>a.</span> <span class='ocrx_word' id='word_1_165' title='bbox 289 1524 332 1564; x_wconf 65' lang='lat' dir='ltr'>sul</span> 
     </span>
    </p>

    <p class='ocr_par' dir='ltr' id='par_1_7' title="bbox 153 1597 1010 1878">
     <span class='ocr_line' id='line_1_19' title="bbox 209 1597 1009 1653; baseline -0.006 -13"><span class='ocrx_word' id='word_1_166' title='bbox 209 1599 242 1640; x_wconf 74' lang='lat' dir='ltr'>«Si</span> <span class='ocrx_word' id='word_1_167' title='bbox 263 1603 305 1653; x_wconf 91' lang='lat' dir='ltr'>quis</span> <span class='ocrx_word' id='word_1_168' title='bbox 327 1600 403 1649; x_wconf 83' lang='lat' dir='ltr'>dixerit,</span> <span class='ocrx_word' id='word_1_169' title='bbox 425 1602 466 1641; x_wconf 87' lang='lat' dir='ltr'>sola</span> <span class='ocrx_word' id='word_1_170' title='bbox 486 1601 526 1641; x_wconf 90' lang='lat' dir='ltr'>fide</span> <span class='ocrx_word' id='word_1_171' title='bbox 543 1603 624 1653; x_wconf 90' lang='lat' dir='ltr'>impium</span> <span class='ocrx_word' id='word_1_172' title='bbox 643 1601 747 1651; x_wconf 85' lang='lat' dir='ltr'>justificari,</span> <span class='ocrx_word' id='word_1_173' title='bbox 766 1601 791 1639; x_wconf 91' lang='lat' dir='ltr'>ita</span> <span class='ocrx_word' id='word_1_174' title='bbox 809 1606 831 1638; x_wconf 91' lang='lat' dir='ltr'>ut</span> <span class='ocrx_word' id='word_1_175' title='bbox 848 1598 947 1649; x_wconf 83' lang='lat' dir='ltr'>intelligat,</span> <span class='ocrx_word' id='word_1_176' title='bbox 965 1597 1009 1636; x_wconf 91' lang='lat' dir='ltr'>nihil</span> 
     </span>
     <span class='ocr_line' id='line_1_20' title="bbox 154 1674 1010 1727; baseline -0.005 -12"><span class='ocrx_word' id='word_1_177' title='bbox 154 1676 205 1715; x_wconf 90' lang='lat' dir='ltr'>aliud</span> <span class='ocrx_word' id='word_1_178' title='bbox 220 1678 296 1727; x_wconf 89' lang='lat' dir='ltr'>requiri,</span> <span class='ocrx_word' id='word_1_179' title='bbox 311 1676 364 1726; x_wconf 87' lang='lat' dir='ltr'>quod</span> <span class='ocrx_word' id='word_1_180' title='bbox 379 1677 403 1716; x_wconf 94' lang='lat' dir='ltr'>ad</span> <span class='ocrx_word' id='word_1_181' title='bbox 420 1676 560 1726; x_wconf 85' lang='lat' dir='ltr'>justificationis</span> <span class='ocrx_word' id='word_1_182' title='bbox 577 1678 657 1727; x_wconf 85' lang='lat' dir='ltr'>gratiam</span> <span class='ocrx_word' id='word_1_183' title='bbox 676 1674 836 1725; x_wconf 89' lang='lat' dir='ltr'>consequendam</span> <span class='ocrx_word' id='word_1_184' title='bbox 852 1678 975 1724; x_wconf 85' lang='lat' dir='ltr'>cooperetur,</span> <span class='ocrx_word' id='word_1_185' title='bbox 991 1679 1010 1711; x_wconf 91' lang='lat' dir='ltr'>et</span> 
     </span>
     <span class='ocr_line' id='line_1_21' title="bbox 153 1751 1009 1802; baseline -0.002 -12"><span class='ocrx_word' id='word_1_186' title='bbox 153 1751 205 1791; x_wconf 85' lang='lat' dir='ltr'>nulla</span> <span class='ocrx_word' id='word_1_187' title='bbox 223 1764 250 1790; x_wconf 88' lang='lat' dir='ltr'>ex</span> <span class='ocrx_word' id='word_1_188' title='bbox 268 1758 323 1802; x_wconf 85' lang='lat' dir='ltr'>parte</span> <span class='ocrx_word' id='word_1_189' title='bbox 342 1764 423 1792; x_wconf 84' lang='lat' dir='ltr'>necesse</span> <span class='ocrx_word' id='word_1_190' title='bbox 440 1765 490 1801; x_wconf 85' lang='lat' dir='ltr'>esse,</span> <span class='ocrx_word' id='word_1_191' title='bbox 509 1765 554 1791; x_wconf 88' lang='lat' dir='ltr'>eum</span> <span class='ocrx_word' id='word_1_192' title='bbox 571 1765 617 1792; x_wconf 90' lang='lat' dir='ltr'>suae</span> <span class='ocrx_word' id='word_1_193' title='bbox 634 1752 739 1791; x_wconf 85' lang='lat' dir='ltr'>voluntatis</span> <span class='ocrx_word' id='word_1_194' title='bbox 755 1756 809 1790; x_wconf 88' lang='lat' dir='ltr'>motu</span> <span class='ocrx_word' id='word_1_195' title='bbox 824 1751 936 1801; x_wconf 86' lang='lat' dir='ltr'>praeparari</span> <span class='ocrx_word' id='word_1_196' title='bbox 950 1754 1009 1800; x_wconf 86' lang='lat' dir='ltr'>atque</span> 
     </span>
     <span class='ocr_line' id='line_1_22' title="bbox 153 1826 323 1878; baseline 0 -12"><span class='ocrx_word' id='word_1_197' title='bbox 153 1826 236 1878; x_wconf 89' lang='lat' dir='ltr'>disponi,</span> <span class='ocrx_word' id='word_1_198' title='bbox 251 1840 267 1867; x_wconf 85' lang='lat' dir='ltr'>a.</span> <span class='ocrx_word' id='word_1_199' title='bbox 282 1826 323 1867; x_wconf 69' lang='lat' dir='ltr'>5.»ss</span> 
     </span>
    </p>

    <p class='ocr_par' dir='ltr' id='par_1_8' title="bbox 153 1899 1010 2180">
     <span class='ocr_line' id='line_1_23' title="bbox 210 1899 1009 1954; baseline -0.004 -13"><span class='ocrx_word' id='word_1_200' title='bbox 210 1901 242 1942; x_wconf 81' lang='lat' dir='ltr'>«Si</span> <span class='ocrx_word' id='word_1_201' title='bbox 256 1904 298 1953; x_wconf 90' lang='lat' dir='ltr'>quis</span> <span class='ocrx_word' id='word_1_202' title='bbox 308 1902 384 1951; x_wconf 85' lang='lat' dir='ltr'>dixerit,</span> <span class='ocrx_word' id='word_1_203' title='bbox 395 1905 482 1943; x_wconf 89' lang='lat' dir='ltr'>homiues</span> <span class='ocrx_word' id='word_1_204' title='bbox 495 1904 594 1953; x_wconf 88' lang='lat' dir='ltr'>justificari</span> <span class='ocrx_word' id='word_1_205' title='bbox 603 1904 634 1943; x_wconf 86' lang='lat' dir='ltr'>vel</span> <span class='ocrx_word' id='word_1_206' title='bbox 645 1903 686 1943; x_wconf 87' lang='lat' dir='ltr'>sola</span> <span class='ocrx_word' id='word_1_207' title='bbox 699 1904 827 1954; x_wconf 84' lang='lat' dir='ltr'>imputatione</span> <span class='ocrx_word' id='word_1_208' title='bbox 839 1902 924 1951; x_wconf 87' lang='lat' dir='ltr'>justitiae</span> <span class='ocrx_word' id='word_1_209' title='bbox 934 1899 1009 1947; x_wconf 87' lang='lat' dir='ltr'>Christi,</span> 
     </span>
     <span class='ocr_line' id='line_1_24' title="bbox 153 1974 1009 2030; baseline -0.004 -14"><span class='ocrx_word' id='word_1_210' title='bbox 153 1978 184 2017; x_wconf 85' lang='lat' dir='ltr'>uel</span> <span class='ocrx_word' id='word_1_211' title='bbox 199 1978 240 2017; x_wconf 90' lang='lat' dir='ltr'>sola</span> <span class='ocrx_word' id='word_1_212' title='bbox 254 1984 381 2029; x_wconf 84' lang='lat' dir='ltr'>peccatorum</span> <span class='ocrx_word' id='word_1_213' title='bbox 395 1980 513 2027; x_wconf 87' lang='lat' dir='ltr'>remissione,</span> <span class='ocrx_word' id='word_1_214' title='bbox 529 1980 608 2018; x_wconf 87' lang='lat' dir='ltr'>exclusa</span> <span class='ocrx_word' id='word_1_215' title='bbox 621 1981 683 2030; x_wconf 83' lang='lat' dir='ltr'>gratia</span> <span class='ocrx_word' id='word_1_216' title='bbox 698 1984 718 2018; x_wconf 91' lang='lat' dir='ltr'>et</span> <span class='ocrx_word' id='word_1_217' title='bbox 732 1979 816 2025; x_wconf 86' lang='lat' dir='ltr'>caritate,</span> <span class='ocrx_word' id='word_1_218' title='bbox 831 1989 882 2027; x_wconf 87' lang='lat' dir='ltr'>quae</span> <span class='ocrx_word' id='word_1_219' title='bbox 892 1978 910 2015; x_wconf 91' lang='lat' dir='ltr'>in</span> <span class='ocrx_word' id='word_1_220' title='bbox 920 1974 1009 2015; x_wconf 78' lang='lat' dir='ltr'>cordibus</span> 
     </span>
     <span class='ocr_line' id='line_1_25' title="bbox 153 2052 1010 2106; baseline -0.005 -14"><span class='ocrx_word' id='word_1_221' title='bbox 153 2065 221 2092; x_wconf 87' lang='lat' dir='ltr'>eorum</span> <span class='ocrx_word' id='word_1_222' title='bbox 237 2066 275 2104; x_wconf 92' lang='lat' dir='ltr'>per</span> <span class='ocrx_word' id='word_1_223' title='bbox 289 2052 381 2105; x_wconf 85' lang='lat' dir='ltr'>Spiritum</span> <span class='ocrx_word' id='word_1_224' title='bbox 398 2053 492 2094; x_wconf 87' lang='lat' dir='ltr'>Sanctum</span> <span class='ocrx_word' id='word_1_225' title='bbox 511 2054 629 2094; x_wconf 81' lang='lat' dir='ltr'>diffundatur</span> <span class='ocrx_word' id='word_1_226' title='bbox 647 2062 707 2106; x_wconf 85' lang='lat' dir='ltr'>atque</span> <span class='ocrx_word' id='word_1_227' title='bbox 725 2053 760 2093; x_wconf 87' lang='lat' dir='ltr'>illis</span> <span class='ocrx_word' id='word_1_228' title='bbox 777 2053 882 2099; x_wconf 84' lang='lat' dir='ltr'>inhaereat,</span> <span class='ocrx_word' id='word_1_229' title='bbox 900 2058 934 2090; x_wconf 84' lang='lat' dir='ltr'>aut</span> <span class='ocrx_word' id='word_1_230' title='bbox 951 2052 1010 2090; x_wconf 85' lang='lat' dir='ltr'>etiam</span> 
     </span>
     <span class='ocr_line' id='line_1_26' title="bbox 153 2126 837 2180; baseline -0.001 -13"><span class='ocrx_word' id='word_1_231' title='bbox 153 2130 241 2180; x_wconf 84' lang='lat' dir='ltr'>gratiam,</span> <span class='ocrx_word' id='word_1_232' title='bbox 256 2142 295 2180; x_wconf 88' lang='lat' dir='ltr'>qua</span> <span class='ocrx_word' id='word_1_233' title='bbox 307 2129 439 2179; x_wconf 84' lang='lat' dir='ltr'>justificamur,</span> <span class='ocrx_word' id='word_1_234' title='bbox 454 2142 497 2170; x_wconf 87' lang='lat' dir='ltr'>esse</span> <span class='ocrx_word' id='word_1_235' title='bbox 512 2137 587 2169; x_wconf 89' lang='lat' dir='ltr'>tantum</span> <span class='ocrx_word' id='word_1_236' title='bbox 602 2129 691 2169; x_wconf 79' lang='lat' dir='ltr'>favorem</span> <span class='ocrx_word' id='word_1_237' title='bbox 705 2128 748 2176; x_wconf 89' lang='lat' dir='ltr'>Dei,</span> <span class='ocrx_word' id='word_1_238' title='bbox 763 2141 779 2167; x_wconf 88' lang='lat' dir='ltr'>a.</span> <span class='ocrx_word' id='word_1_239' title='bbox 794 2126 837 2167; x_wconf 65' lang='lat' dir='ltr'>sul</span> 
     </span>
    </p>

    <p class='ocr_par' dir='ltr' id='par_1_9' title="bbox 153 2201 1010 2407">
     <span class='ocr_line' id='line_1_27' title="bbox 210 2201 1010 2254; baseline -0.003 -13"><span class='ocrx_word' id='word_1_240' title='bbox 210 2202 242 2242; x_wconf 74' lang='lat' dir='ltr'>uSi</span> <span class='ocrx_word' id='word_1_241' title='bbox 258 2205 300 2254; x_wconf 87' lang='lat' dir='ltr'>quis</span> <span class='ocrx_word' id='word_1_242' title='bbox 319 2203 396 2252; x_wconf 80' lang='lat' dir='ltr'>dixerit,</span> <span class='ocrx_word' id='word_1_243' title='bbox 418 2204 477 2244; x_wconf 87' lang='lat' dir='ltr'>fidem</span> <span class='ocrx_word' id='word_1_244' title='bbox 496 2205 633 2254; x_wconf 86' lang='lat' dir='ltr'>justificantem</span> <span class='ocrx_word' id='word_1_245' title='bbox 654 2204 699 2243; x_wconf 89' lang='lat' dir='ltr'>nihil</span> <span class='ocrx_word' id='word_1_246' title='bbox 718 2203 767 2243; x_wconf 89' lang='lat' dir='ltr'>aliud</span> <span class='ocrx_word' id='word_1_247' title='bbox 786 2215 829 2242; x_wconf 89' lang='lat' dir='ltr'>esse</span> <span class='ocrx_word' id='word_1_248' title='bbox 847 2215 905 2254; x_wconf 88' lang='lat' dir='ltr'>quam</span> <span class='ocrx_word' id='word_1_249' title='bbox 919 2201 1010 2241; x_wconf 88' lang='lat' dir='ltr'>fiduciam</span> 
     </span>
     <span class='ocr_line' id='line_1_28' title="bbox 154 2275 1010 2330; baseline -0.002 -13"><span class='ocrx_word' id='word_1_250' title='bbox 154 2278 230 2318; x_wconf 83' lang='lat' dir='ltr'>diuinae</span> <span class='ocrx_word' id='word_1_251' title='bbox 247 2279 395 2327; x_wconf 86' lang='lat' dir='ltr'>misericordiae,</span> <span class='ocrx_word' id='word_1_252' title='bbox 413 2286 495 2330; x_wconf 87' lang='lat' dir='ltr'>peccata</span> <span class='ocrx_word' id='word_1_253' title='bbox 512 2281 625 2319; x_wconf 87' lang='lat' dir='ltr'>remittentis</span> <span class='ocrx_word' id='word_1_254' title='bbox 643 2285 726 2330; x_wconf 89' lang='lat' dir='ltr'>propter</span> <span class='ocrx_word' id='word_1_255' title='bbox 740 2278 843 2326; x_wconf 79' lang='lat' dir='ltr'>Christum,</span> <span class='ocrx_word' id='word_1_256' title='bbox 858 2277 888 2316; x_wconf 91' lang='lat' dir='ltr'>vel</span> <span class='ocrx_word' id='word_1_257' title='bbox 904 2289 947 2316; x_wconf 88' lang='lat' dir='ltr'>eam</span> <span class='ocrx_word' id='word_1_258' title='bbox 961 2275 1010 2316; x_wconf 89' lang='lat' dir='ltr'>fidu-</span> 
     </span>
     <span class='ocr_line' id='line_1_29' title="bbox 153 2354 626 2407; baseline 0.002 -13"><span class='ocrx_word' id='word_1_259' title='bbox 153 2357 202 2394; x_wconf 83' lang='lat' dir='ltr'>ciam</span> <span class='ocrx_word' id='word_1_260' title='bbox 216 2354 278 2393; x_wconf 90' lang='lat' dir='ltr'>solam</span> <span class='ocrx_word' id='word_1_261' title='bbox 293 2367 341 2403; x_wconf 87' lang='lat' dir='ltr'>esse,</span> <span class='ocrx_word' id='word_1_262' title='bbox 357 2369 395 2407; x_wconf 90' lang='lat' dir='ltr'>qua</span> <span class='ocrx_word' id='word_1_263' title='bbox 407 2355 540 2405; x_wconf 85' lang='lat' dir='ltr'>justificamur,</span> <span class='ocrx_word' id='word_1_264' title='bbox 555 2369 571 2395; x_wconf 87' lang='lat' dir='ltr'>a.</span> <span class='ocrx_word' id='word_1_265' title='bbox 586 2354 626 2397; x_wconf 60' lang='lat' dir='ltr'>sus</span> 
     </span>
    </p>
   </div>
   <div class='ocr_carea' id='block_1_3' title="bbox 208 2425 1009 2482">
    <p class='ocr_par' dir='ltr' id='par_1_10' title="bbox 208 2425 1009 2482">
     <span class='ocr_line' id='line_1_30' title="bbox 208 2425 1009 2482; baseline -0.006 -13"><span class='ocrx_word' id='word_1_266' title='bbox 208 2429 240 2469; x_wconf 76' lang='lat' dir='ltr'>«Si</span> <span class='ocrx_word' id='word_1_267' title='bbox 261 2432 303 2481; x_wconf 87' lang='lat' dir='ltr'>quis</span> <span class='ocrx_word' id='word_1_268' title='bbox 325 2430 402 2478; x_wconf 88' lang='lat' dir='ltr'>dixerit,</span> <span class='ocrx_word' id='word_1_269' title='bbox 424 2431 468 2470; x_wconf 89' lang='lat' dir='ltr'>nihil</span> <span class='ocrx_word' id='word_1_270' title='bbox 489 2437 618 2482; x_wconf 87' lang='lat' dir='ltr'>praeceptum</span> <span class='ocrx_word' id='word_1_271' title='bbox 633 2444 676 2471; x_wconf 89' lang='lat' dir='ltr'>esse</span> <span class='ocrx_word' id='word_1_272' title='bbox 690 2433 709 2469; x_wconf 88' lang='lat' dir='ltr'>iu</span> <span class='ocrx_word' id='word_1_273' title='bbox 723 2429 831 2481; x_wconf 83' lang='lat' dir='ltr'>Evangelio</span> <span class='ocrx_word' id='word_1_274' title='bbox 849 2434 928 2479; x_wconf 86' lang='lat' dir='ltr'>praeter</span> <span class='ocrx_word' id='word_1_275' title='bbox 943 2425 1009 2473; x_wconf 85' lang='lat' dir='ltr'>fidem,</span> 
     </span>
    </p>
   </div>
   <div class='ocr_carea' id='block_1_4' title="bbox 152 2504 1009 2771">
    <p class='ocr_par' dir='ltr' id='par_1_11' title="bbox 152 2504 556 2548">
     <span class='ocr_line' id='line_1_31' title="bbox 152 2504 556 2548; baseline 0.005 -4"><span class='ocrx_word' id='word_1_276' title='bbox 152 2512 218 2545; x_wconf 90' lang='lat' dir='ltr'>cetera</span> <span class='ocrx_word' id='word_1_277' title='bbox 233 2517 276 2545; x_wconf 84' lang='lat' dir='ltr'>esse</span> <span class='ocrx_word' id='word_1_278' title='bbox 290 2504 418 2546; x_wconf 84' lang='lat' dir='ltr'>indifferentia</span> <span class='ocrx_word' id='word_1_279' title='bbox 433 2538 466 2548; x_wconf 86' lang='lat'>...</span> <span class='ocrx_word' id='word_1_280' title='bbox 482 2520 498 2546; x_wconf 93' lang='lat' dir='ltr'>a.</span> <span class='ocrx_word' id='word_1_281' title='bbox 514 2505 556 2547; x_wconf 78' lang='lat' dir='ltr'>su⁹</span> 
     </span>
    </p>

    <p class='ocr_par' dir='ltr' id='par_1_12' title="bbox 152 2579 1009 2771">
     <span class='ocr_line' id='line_1_32' title="bbox 206 2579 1009 2633; baseline -0.005 -14"><span class='ocrx_word' id='word_1_282' title='bbox 206 2580 281 2619; x_wconf 86' lang='lat' dir='ltr'>Omnes</span> <span class='ocrx_word' id='word_1_283' title='bbox 295 2581 411 2629; x_wconf 87' lang='lat' dir='ltr'>concedunt,</span> <span class='ocrx_word' id='word_1_284' title='bbox 426 2583 559 2621; x_wconf 88' lang='lat' dir='ltr'>remissionem</span> <span class='ocrx_word' id='word_1_285' title='bbox 570 2588 696 2633; x_wconf 85' lang='lat' dir='ltr'>peccatorum</span> <span class='ocrx_word' id='word_1_286' title='bbox 705 2580 737 2620; x_wconf 82' lang='lat' dir='ltr'>vel</span> <span class='ocrx_word' id='word_1_287' title='bbox 750 2579 907 2630; x_wconf 84' lang='lat' dir='ltr'>justificationem</span> <span class='ocrx_word' id='word_1_288' title='bbox 917 2590 941 2617; x_wconf 90' lang='lat' dir='ltr'>eo</span> <span class='ocrx_word' id='word_1_289' title='bbox 951 2589 1009 2616; x_wconf 86' lang='lat' dir='ltr'>sensu</span> 
     </span>
     <span class='ocr_line' id='line_1_33' title="bbox 152 2655 1008 2708; baseline -0.005 -14"><span class='ocrx_word' id='word_1_290' title='bbox 152 2656 271 2695; x_wconf 87' lang='lat' dir='ltr'>intellectam</span> <span class='ocrx_word' id='word_1_291' title='bbox 286 2657 416 2696; x_wconf 85' lang='lat' dir='ltr'>essebonum</span> <span class='ocrx_word' id='word_1_292' title='bbox 431 2659 602 2708; x_wconf 86' lang='lat' dir='ltr'>pernecessarium,</span> <span class='ocrx_word' id='word_1_293' title='bbox 617 2669 657 2708; x_wconf 90' lang='lat' dir='ltr'>quo</span> <span class='ocrx_word' id='word_1_294' title='bbox 672 2655 798 2695; x_wconf 90' lang='lat' dir='ltr'>nullomodo</span> <span class='ocrx_word' id='word_1_295' title='bbox 815 2666 882 2693; x_wconf 87' lang='lat' dir='ltr'>carere</span> <span class='ocrx_word' id='word_1_296' title='bbox 899 2664 1008 2704; x_wconf 84' lang='lat' dir='ltr'>possumus.</span> 
     </span>
     <span class='ocr_line' id='line_1_34' title="bbox 153 2726 1009 2771; baseline -0.006 0"><span class='ocrx_word' id='word_1_297' title='bbox 153 2731 194 2771; x_wconf 90' lang='lat' dir='ltr'>Sed</span> <span class='ocrx_word' id='word_1_298' title='bbox 209 2732 325 2770; x_wconf 87' lang='lat' dir='ltr'>couscientia</span> <span class='ocrx_word' id='word_1_299' title='bbox 339 2732 370 2770; x_wconf 84' lang='lat' dir='ltr'>nel</span> <span class='ocrx_word' id='word_1_300' title='bbox 385 2744 452 2771; x_wconf 90' lang='lat' dir='ltr'>sensus</span> <span class='ocrx_word' id='word_1_301' title='bbox 466 2731 543 2771; x_wconf 88' lang='lat' dir='ltr'>moralis</span> <span class='ocrx_word' id='word_1_302' title='bbox 559 2731 638 2771; x_wconf 86' lang='lat' dir='ltr'>tandem</span> <span class='ocrx_word' id='word_1_303' title='bbox 652 2730 778 2770; x_wconf 90' lang='lat' dir='ltr'>rebellionem</span> <span class='ocrx_word' id='word_1_304' title='bbox 795 2729 840 2768; x_wconf 92' lang='lat' dir='ltr'>lecit</span> <span class='ocrx_word' id='word_1_305' title='bbox 856 2726 948 2767; x_wconf 85' lang='lat' dir='ltr'>adversus</span> <span class='ocrx_word' id='word_1_306' title='bbox 963 2726 1009 2767; x_wconf 90' lang='lat' dir='ltr'>doc-</span> 
     </span>
    </p>
   </div>
   <div class='ocr_carea' id='block_1_5' title="bbox 130 2837 608 3305">
    <p class='ocr_par' dir='ltr' id='par_1_13' title="bbox 174 2837 468 2879">
     <span class='ocr_line' id='line_1_35' title="bbox 174 2837 468 2879; baseline 0.01 -11"><span class='ocrx_word' id='word_1_307' title='bbox 174 2837 179 2859; x_wconf 89' lang='lat'>¹</span> <span class='ocrx_word' id='word_1_308' title='bbox 195 2838 244 2869; x_wconf 88' lang='lat' dir='ltr'>Cone.</span> <span class='ocrx_word' id='word_1_309' title='bbox 256 2838 299 2868; x_wconf 87' lang='lat' dir='ltr'>Trid.</span> <span class='ocrx_word' id='word_1_310' title='bbox 311 2838 352 2869; x_wconf 86' lang='lat' dir='ltr'>Sess.</span> <span class='ocrx_word' id='word_1_311' title='bbox 364 2838 391 2869; x_wconf 89' lang='lat' dir='ltr'>Vl.</span> <span class='ocrx_word' id='word_1_312' title='bbox 404 2839 442 2871; x_wconf 82' lang='lat' dir='ltr'>Can.</span> <span class='ocrx_word' id='word_1_313' title='bbox 455 2849 468 2879; x_wconf 70' lang='lat'>4.</span> 
     </span>
    </p>

    <p class='ocr_par' dir='ltr' id='par_1_14' title="bbox 130 2883 310 2931">
     <span class='ocr_line' id='line_1_36' title="bbox 130 2883 310 2931; baseline 0.011 -9"><span class='ocrx_word' id='word_1_314' title='bbox 130 2883 132 2890; x_wconf 84' lang='grc'><em>’</em></span> <span class='ocrx_word' id='word_1_315' title='bbox 172 2890 234 2923; x_wconf 63' lang='lat' dir='ltr'>arura.</span> <span class='ocrx_word' id='word_1_316' title='bbox 247 2893 285 2922; x_wconf 75' lang='lat' dir='ltr'>can.</span> <span class='ocrx_word' id='word_1_317' title='bbox 298 2900 310 2931; x_wconf 67' lang='grc' dir='ltr'>ς4</span> 
     </span>
    </p>

    <p class='ocr_par' dir='ltr' id='par_1_15' title="bbox 173 2944 608 3031">
     <span class='ocr_line' id='line_1_37' title="bbox 173 2944 608 2976; baseline -0.007 0"><span class='ocrx_word' id='word_1_318' title='bbox 173 2944 180 2968; x_wconf 87' lang='lat'>³</span> <span class='ocrx_word' id='word_1_319' title='bbox 195 2946 260 2976; x_wconf 86' lang='lat' dir='ltr'>Dictum</span> <span class='ocrx_word' id='word_1_320' title='bbox 271 2946 335 2976; x_wconf 88' lang='lat' dir='ltr'>Lutheri</span> <span class='ocrx_word' id='word_1_321' title='bbox 347 2945 363 2976; x_wconf 91' lang='lat' dir='ltr'>in</span> <span class='ocrx_word' id='word_1_322' title='bbox 374 2946 415 2976; x_wconf 88' lang='lat' dir='ltr'>libro</span> <span class='ocrx_word' id='word_1_323' title='bbox 429 2945 461 2976; x_wconf 68' lang='lat' dir='ltr'>«De</span> <span class='ocrx_word' id='word_1_324' title='bbox 472 2955 518 2976; x_wconf 84' lang='lat' dir='ltr'>servo</span> <span class='ocrx_word' id='word_1_325' title='bbox 529 2945 608 2976; x_wconf 76' lang='lat' dir='ltr'>arbitrio».</span> 
     </span>
     <span class='ocr_line' id='line_1_38' title="bbox 173 2998 344 3031; baseline 0.006 -2"><span class='ocrx_word' id='word_1_326' title='bbox 173 2998 181 3021; x_wconf 81' lang='lat'>4</span> <span class='ocrx_word' id='word_1_327' title='bbox 196 2999 213 3030; x_wconf 88' lang='lat' dir='ltr'>C.</span> <span class='ocrx_word' id='word_1_328' title='bbox 225 2999 268 3031; x_wconf 88' lang='lat' dir='ltr'>Trid.</span> <span class='ocrx_word' id='word_1_329' title='bbox 281 2998 317 3030; x_wconf 83' lang='lat' dir='ltr'>Can.</span> <span class='ocrx_word' id='word_1_330' title='bbox 330 2999 344 3030; x_wconf 80' lang='lat' dir='ltr'>b.</span> 
     </span>
    </p>

    <p class='ocr_par' dir='ltr' id='par_1_16' title="bbox 173 3051 311 3091">
     <span class='ocr_line' id='line_1_39' title="bbox 173 3051 311 3091; baseline 0.022 -9"><span class='ocrx_word' id='word_1_331' title='bbox 173 3051 180 3074; x_wconf 86' lang='lat'>5</span> <span class='ocrx_word' id='word_1_332' title='bbox 196 3052 235 3085; x_wconf 85' lang='lat' dir='ltr'>ibid.</span> <span class='ocrx_word' id='word_1_333' title='bbox 248 3052 286 3082; x_wconf 81' lang='lat' dir='ltr'>Can.</span> <span class='ocrx_word' id='word_1_334' title='bbox 298 3059 311 3091; x_wconf 89' lang='lat'>7.</span> 
     </span>
    </p>

    <p class='ocr_par' dir='ltr' id='par_1_17' title="bbox 174 3105 311 3143">
     <span class='ocr_line' id='line_1_40' title="bbox 174 3105 311 3143; baseline 0.022 -8"><span class='ocrx_word' id='word_1_335' title='bbox 174 3105 181 3127; x_wconf 63' lang='grc' dir='ltr'>ὅ</span> <span class='ocrx_word' id='word_1_336' title='bbox 195 3105 235 3136; x_wconf 89' lang='lat' dir='ltr'>ibid.</span> <span class='ocrx_word' id='word_1_337' title='bbox 248 3105 285 3137; x_wconf 83' lang='lat' dir='ltr'>Can.</span> <span class='ocrx_word' id='word_1_338' title='bbox 297 3114 311 3143; x_wconf 75' lang='lat'>9.</span> 
     </span>
    </p>

    <p class='ocr_par' dir='ltr' id='par_1_18' title="bbox 174 3157 321 3190">
     <span class='ocr_line' id='line_1_41' title="bbox 174 3157 321 3190; baseline 0.007 -1"><span class='ocrx_word' id='word_1_339' title='bbox 174 3157 180 3180; x_wconf 79' lang='lat' dir='ltr'>l</span> <span class='ocrx_word' id='word_1_340' title='bbox 195 3158 236 3190; x_wconf 81' lang='lat' dir='ltr'>ibid.</span> <span class='ocrx_word' id='word_1_341' title='bbox 248 3158 286 3190; x_wconf 83' lang='lat' dir='ltr'>Can,</span> <span class='ocrx_word' id='word_1_342' title='bbox 299 3166 321 3190; x_wconf 88' lang='lat'>11.</span> 
     </span>
    </p>

    <p class='ocr_par' dir='ltr' id='par_1_19' title="bbox 172 3209 321 3243">
     <span class='ocr_line' id='line_1_42' title="bbox 172 3209 321 3243; baseline -0.007 -2"><span class='ocrx_word' id='word_1_343' title='bbox 172 3209 180 3233; x_wconf 76' lang='lat'>⁸</span> <span class='ocrx_word' id='word_1_344' title='bbox 194 3210 235 3241; x_wconf 81' lang='lat' dir='ltr'>ibid.</span> <span class='ocrx_word' id='word_1_345' title='bbox 247 3210 285 3243; x_wconf 86' lang='lat' dir='ltr'>Can.</span> <span class='ocrx_word' id='word_1_346' title='bbox 298 3218 321 3241; x_wconf 71' lang='grc' dir='ltr'>η,</span> 
     </span>
    </p>

    <p class='ocr_par' dir='ltr' id='par_1_20' title="bbox 172 3263 321 3305">
     <span class='ocr_line' id='line_1_43' title="bbox 172 3263 321 3305; baseline 0.007 -9"><span class='ocrx_word' id='word_1_347' title='bbox 172 3263 179 3287; x_wconf 73' lang='lat' dir='ltr'>l</span> <span class='ocrx_word' id='word_1_348' title='bbox 193 3264 234 3296; x_wconf 76' lang='lat' dir='ltr'>inid</span> <span class='ocrx_word' id='word_1_349' title='bbox 246 3264 285 3297; x_wconf 63' lang='lat' dir='ltr'>Cau,</span> <span class='ocrx_word' id='word_1_350' title='bbox 298 3273 321 3305; x_wconf 76' lang='lat'>19.</span> 
     </span>
    </p>
   </div>
   <div class='ocr_carea' id='block_1_6' title="bbox 0 0 1094 3556">
    <p class='ocr_par' dir='ltr' id='par_1_21' title="bbox 0 0 1094 3556">
     <span class='ocr_line' id='line_1_44' title="bbox 0 0 1094 3556; baseline 0 0"><span class='ocrx_word' id='word_1_351' title='bbox 0 0 1094 3556; x_wconf 95' lang='lat' dir='ltr'> </span> 
     </span>
    </p>
   </div>
  </div>
 </body>
</html>
