2178 3556
64 220 120 275 1898.
135 219 173 262 Νο.
187 231 205 262 2.
253 232 283 264 oa
297 232 380 264 canam
392 233 473 265 cuursrr
486 233 514 264 ar
524 232 553 264 ua
564 232 640 264 titano
652 232 757 265 nastrum,
890 229 912 270 75

851 285 914 292 ....—

61 351 107 401 quia
120 348 182 389 tendit
196 347 219 388 ad
233 349 334 399 justitiam
351 361 390 388 non
404 354 469 390 tamen
482 352 508 390 ita
522 349 575 402 quod
588 350 673 400 justitiae
682 352 772 390 innitatur
784 362 820 401 per
833 347 914 388 modum

61 425 129 472 meriti,
143 423 179 463 sed
192 423 255 480 solum
270 423 445 463 misericordiam

114 540 132 581 6.
161 540 233 581 Utrum
247 541 307 581 homo
321 541 388 593 possit
399 542 476 581 mereri
488 546 620 593 augmentum
631 540 718 592 gratiae
731 540 765 579 vel
776 540 874 580 caritatis.

116 627 261 679 «Augmentum
275 628 358 668 caritatis
372 627 403 667 vel
418 629 490 680 gratiae
505 627 557 668 cadit
570 627 606 667 sub
620 629 695 667 merito.
717 626 746 667 St.
760 626 913 679 Augustinus:

61 701 141 743 'Caritas
155 708 240 742 meretur
254 705 326 755 augeri,
340 709 361 742 ut
375 710 431 744 aucta
440 711 542 744 mereatur
555 710 576 744 et
589 702 695 754 perfict'r2

115 831 132 872 7¹
160 819 233 860 Utrum
247 821 307 861 loma
315 822 382 873 possit
390 823 566 873 perseverantiam
580 822 661 863 mereri.

117 904 182 944 «Multi
199 906 271 946 habent
288 920 348 958 opera
365 909 467 956 meritoria,
482 910 516 960 qui
530 921 569 948 non
583 913 728 958 consequuntur
742 907 914 957 perseverantiam.

61 979 106 1020 Non
120 981 177 1031 igitur
190 983 335 1032 perseverantia
349 982 401 1022 cadit
413 983 449 1022 sub
463 984 550 1022 merito.»

117 1054 273 1097 «Perseverantia
286 1056 343 1097 viae3
360 1070 407 1097 non
423 1057 488 1097 cadit
506 1058 550 1096 sub
565 1059 662 1106 merito,
677 1059 721 1109 quia
736 1056 838 1107 dependet
851 1055 913 1095 solum

62 1143 89 1170 ex
102 1133 188 1171 motione
202 1132 271 1180 divina,
291 1145 342 1183 quae
359 1138 390 1171 est
407 1133 523 1183 principium
537 1133 598 1171 omnis
612 1134 680 1173 meriti.
708 1131 749 1172 Sed
764 1131 818 1172 Deus
839 1132 914 1183 gratis

62 1208 267 1257 perseverantiae
287 1207 377 1246 bonum
398 1206 499 1258 largitur
516 1208 631 1259 cuicumque
649 1207 694 1246 illud
711 1207 807 1258 largitura

117 1279 190 1320 «Etiam
205 1294 229 1320 ea
243 1294 294 1333 quae
308 1294 346 1320 non
360 1294 463 1329 meremur,
477 1282 552 1321 orando
565 1284 697 1333 impetramus,
725 1281 750 1321 Et
768 1281 854 1321 similiter
869 1292 914 1331 per·

61 1357 182 1396 severantiae
196 1355 269 1396 donum
283 1356 351 1407 aliquis
366 1356 453 1406 petendo
467 1370 477 1396 a
491 1356 536 1397 Deo
550 1357 674 1408 impetratu*1

116 1474 133 1514 8.
161 1473 233 1513 Utrum
247 1474 371 1526 temporalia
385 1475 438 1514 bona
451 1474 529 1514 cadant
540 1474 577 1513 sub
591 1474 668 1513 merito.

117 1559 149 1599 «Si
163 1561 278 1610 temporalia
291 1561 342 1600 bona
356 1559 508 1607 considerentur,
522 1566 582 1611 prout
595 1566 639 1599 sunt
651 1560 703 1599 utilia
712 1558 736 1599 ad
747 1572 807 1610 opera
816 1561 914 1604 virtutum,

62 1636 131 1686 quibus
144 1634 270 1686 perducimur
282 1638 301 1675 in
316 1637 375 1675 vitam
389 1641 494 1682 aeternam,
509 1635 616 1675 secundum
630 1636 668 1675 hoc
683 1634 756 1674 directe
770 1641 790 1673 et
803 1634 916 1684 simpliciter

61 1709 133 1750 cadunt
146 1710 182 1749 sub
196 1711 271 1759 merito,
287 1712 335 1750 sicut
348 1718 368 1750 et
382 1717 508 1762 augmentum
522 1710 627 1762 gratiae.»5

408 1889 563 1926 corollarium.

114 1976 207 2027 Quamvis
221 1984 315 2018 statutum
334 1979 375 2027 jam
395 1980 419 2017 sit
439 1978 602 2030 praecedentibus
621 1978 787 2029 explicationibus
806 1976 913 2016 doctrinam

60 2053 209 2093 ecclesiasticam
224 2052 249 2092 de
268 2052 451 2103 justificatione
469 2053 511 2106 (seu
525 2052 632 2092 secundum
646 2052 727 2092 modum
741 2051 833 2102 loquendi
848 2056 913 2102 prote-

59 2130 170 2168 stanticum:
192 2127 217 2167 de
238 2129 350 2167 remissione
371 2129 504 2180 peccatorum)
525 2128 659 2168 alienissimam
677 2140 720 2167 esse
739 2127 763 2166 ab
782 2128 834 2167 omni
851 2125 914 2165 Semi-

60 2203 204 2254 pelagianismo,
227 2205 273 2254 quin
294 2205 352 2243 etiam
374 2204 422 2243 haec
443 2204 481 2244 duo
505 2206 588 2243 invicem
608 2217 629 2244 se
652 2204 723 2243 habere
747 2202 802 2241 velut
821 2202 914 2252 opposita

57 2278 115 2327 juxta
129 2291 150 2318 se
164 2280 233 2329 posita,
249 2278 313 2319 adhuc
326 2285 391 2319 tamen
406 2278 487 2319 dubitari
501 2280 551 2327 licet,
566 2293 612 2319 num
626 2281 657 2319 hic
671 2292 724 2319 error
733 2279 769 2318 alio
780 2278 860 2318 fortasse
869 2278 914 2316 loco

58 2356 171 2405 systematis
189 2353 314 2394 ecclesiastici
328 2357 441 2405 reperiatur,
455 2355 529 2395 scilicet
542 2357 561 2394 in
571 2355 658 2395 doctrina
670 2355 696 2394 de
708 2354 914 2394 sanctificatione?

60 2428 152 2479 «Propria
165 2429 196 2468 illa
211 2430 303 2479 justitia»,
318 2430 343 2470 de
361 2443 400 2481 qua
418 2431 503 2483 loquitur
516 2430 646 2481 Apostolus‚⁶
666 2443 703 2481 per
721 2431 801 2479 januam
813 2428 913 2469 Ecclesiae

59 2504 186 2555 principalem
206 2504 298 2556 relegata,
320 2504 401 2545 fortasse
422 2519 458 2558 per
478 2508 576 2557 posticum
599 2508 676 2556 irrepsit
700 2518 736 2555 per
757 2504 864 2545 doctrinam
888 2503 913 2543 de

58 2580 160 2619 merito?

112 2654 170 2704 Quod
184 2656 252 2694 attinet
266 2655 291 2694 ad
306 2654 413 2694 doctrinam
428 2655 447 2694 S.
463 2655 559 2702 Thomae,
574 2655 712 2706 postulandum
727 2656 767 2705 jam
783 2660 817 2702 est,
834 2660 854 2693 ut
868 2666 913 2694 con-

58 2729 138 2770 cedatur
159 2730 197 2770 hoc
217 2743 228 2769 a
248 2729 412 2770 verisimilitudine
437 2743 515 2781 prorsus
538 2730 643 2770 abhorrere
666 2732 685 2769 in
706 2735 814 2781 systemate
832 2731 852 2768 in
873 2741 912 2780 quo

57 2807 122 2845 omnia
136 2805 160 2844 acl
174 2806 268 2855 majorem
279 2805 362 2857 'gloriam
377 2807 449 2856 gratiae
463 2806 571 2845 immeritae
585 2812 675 2856 spectare
688 2804 797 2844 videantur.

78 2912 140 2946 ¹md.

78 2965 139 2997 sslbid.
150 2966 186 2997 Art.
198 2965 213 2996 8.

79 3018 86 3041 ³
100 3020 116 3053 S.
127 3019 196 3051 Thomas
208 3020 291 3060 distinguit
301 3020 341 3050 inter
351 3019 483 3059 perseverantiam
497 3018 548 3050 «viaet
562 3021 577 3050 et
590 3019 672 3058 ingloriae»,
684 3028 750 3058 quarum
761 3018 831 3049 secunda
841 3018 880 3048 rhoc
890 3019 912 3047 est

99 3074 142 3114 quod
153 3074 220 3104 liberum
233 3073 314 3105 arbitrium
326 3072 438 3104 determinatur
447 3073 467 3103 ad
482 3073 544 3104 bouum
558 3081 587 3111 per
601 3072 667 3112 gratiam
685 3075 852 3110 consummatam,
868 3069 912 3110 quod

100 3127 128 3158 erit
138 3127 155 3157 in
166 3127 231 3166 gloriar.
253 3127 293 3158 lbid.
305 3126 336 3157 Art
346 3134 360 3165 9.

78 3178 84 3201 l
99 3180 139 3212 lbid.

77 3233 84 3256 ⁵
99 3233 138 3265 lbid.
149 3233 185 3264 Art.
198 3241 221 3266 ιο.

77 3286 85 3310 ⁶
98 3287 128 3319 Ro.
142 3295 166 3325 10,
177 3295 192 3327 30
