2178 3556
81 156 137 209 1898.
151 154 190 196 Νο,
204 164 222 194 2.
264 165 293 196 na
304 166 387 197 enarra
398 165 481 198 cnarsrr
493 164 647 196 truhmanno
660 164 769 198 aaurrmo.
910 163 932 206 35

79 286 163 324 humana
183 295 247 321 «mere
269 284 377 333 passivan
400 291 479 323 maneat
497 283 528 323 vel
548 285 612 335 potius
632 283 683 323 nulla
700 285 730 322 sit.
759 283 871 323 Secundum
886 284 935 323 hanc

78 360 195 399 sententiam
209 356 379 397 deterministicam
390 355 467 408 'gratiae
481 359 542 397 resisti
556 360 634 398 omnino
649 371 687 398 non
701 364 768 408 potest
782 364 802 397 et
818 357 877 397 homo
892 358 934 398 nihil

79 440 109 475 est
123 432 174 473 aliud
189 445 248 484 quam
263 432 362 481 objectum
376 433 460 471 inanime
475 431 551 472 divinae
566 432 675 480 voluntatis,
691 438 730 471 tarn
745 431 769 470 ad
786 431 857 470 malum
877 446 935 484 quam

79 508 104 548 ad
118 508 191 548 bonum
205 520 232 547 ex
246 506 324 546 libidine
339 506 490 546 determinantis.
515 505 628 546 Secundum
638 505 745 545 Lutherum
760 508 810 546 enim
821 505 875 546 Deus
890 521 935 547 non

80 583 127 631 vult,
142 592 209 622 omnes
224 582 312 622 homines
326 582 391 621 salvos
405 581 454 620 fieri:
478 581 577 621 «Darnmb
597 581 647 621 habe
665 580 696 620 ich
715 580 746 620 die
760 580 827 620 Wort:
848 582 936 633 quivult

79 670 147 697 omnes
161 657 249 697 homines
263 657 327 697 saluos
342 656 403 704 fieri,l
424 670 454 697 so,
464 656 590 709 gedeutscht:
612 656 647 695 der
661 656 686 696 da
700 655 746 703 will,
761 655 804 695 dass
819 655 935 704 Jedermann

79 745 169 784 genese
234 732 300 772 nicht
314 733 373 784 selig
387 731 519 772 werden.»2
546 731 611 771 Etiam
626 732 656 772 hic
670 731 734 771 locum
749 731 843 771 habemus
857 730 936 772 Lutheri

79 821 149 859 parum
163 807 294 847 obseruatum.
310 832 334 837 -
349 807 396 847 Non
410 820 454 847 cum
469 807 489 847 S.
504 807 583 847 Thoma
597 809 693 847 consentit
702 805 799 846 Lutherus
814 819 879 856 neque
893 819 936 846 cum

79 881 173 930 Ecclesia,
187 881 222 921 sed
237 889 290 923 certe
305 894 349 922 cum
363 882 475 930 Caluino,
491 882 578 922 dicente:
595 881 651 921 «Non
666 883 708 933 pari
722 881 834 921 conditione
848 890 937 921 creantur

79 970 157 997 omnes:
178 957 212 997 sed
234 958 274 997 aliis
296 959 334 997 vita
355 965 440 1006 aeterna,
462 958 502 997 aliis
523 956 623 997 damnatio
643 963 722 997 aeterna
743 956 937 1007 praeordinantur.»3

79 1032 131 1072 Hinc
151 1032 223 1072 dictum
246 1032 393 1083 blasphemum:
424 1032 501 1072 «Adam
518 1032 594 1079 cecidit,
612 1031 655 1071 Deo
673 1034 700 1072 sic
719 1031 841 1071 ordinanteb
872 1031 937 1081 Quum

79 1110 156 1148 vocatio
171 1120 207 1158 per
220 1110 302 1160 gratiam
324 1108 484 1157 praevenientem
503 1113 522 1146 et
539 1107 564 1147 ad
582 1120 616 1147 eos
634 1106 725 1159 dirigitur,
746 1109 779 1159 qui
798 1106 937 1158 praedestinati

79 1182 162 1222 suntad
177 1188 266 1230 mortem,
281 1194 319 1221 non
333 1184 396 1222 seria
413 1189 443 1221 est
457 1183 539 1229 vocatio,
554 1182 590 1222 sed
604 1182 631 1229 fit,
647 1189 667 1221 ut
681 1184 742 1234 magis
757 1181 937 1223 obdurescant}

81 1258 193 1305 «Dominus,
209 1264 230 1297 ut
243 1259 305 1308 magis
320 1259 419 1297 conuictos
434 1264 454 1297 et
467 1257 608 1297 inexcusabiles
623 1257 698 1306 reddat,
713 1270 733 1297 se
748 1260 830 1297 insinuat
841 1259 860 1296 in
870 1270 937 1298 eorum

79 1331 189 1380 mentes»,5
207 1333 224 1371 in
239 1333 308 1384 quibus
323 1333 387 1372 verbis
402 1335 467 1373 nescio
482 1339 546 1371 utrum
560 1333 683 1384 blasphemia
697 1346 721 1372 an
735 1334 807 1372 insania
821 1334 936 1384 praevalere

79 1407 178 1447 censenda
191 1409 219 1446 sit.
248 1407 308 1447 Tales
323 1409 387 1458 pisces
402 1421 429 1447 ex
443 1408 512 1447 talibus
526 1410 587 1460 aquis.

132 1483 188 1530 Sunt,
207 1484 240 1534 qui
259 1484 375 1530 existiment,
395 1482 502 1522 doctrinam
516 1482 602 1531 Lutheri,
621 1483 728 1522 dummodo
745 1490 798 1523 recte
812 1483 935 1534 intelligatur,

80 1571 118 1597 non
137 1571 180 1598 esse
197 1556 373 1605 deterministicam,
393 1560 438 1609 quia
456 1560 512 1597 toties
530 1566 550 1598 et
567 1565 608 1598 tam
622 1559 702 1609 pulchre
717 1558 742 1598 ad
756 1561 816 1598 uitam
830 1559 902 1598 bonam
917 1564 936 1597 et

79 1633 104 1672 ad
118 1633 248 1673 obedientiam
263 1633 311 1684 legis
326 1632 362 1672 Dei
384 1633 502 1681 adhortetur,
525 1633 578 1684 quod
594 1633 738 1673 determinismo
755 1639 858 1685 repugnet.
887 1633 937 1682 Quia

80 1710 128 1749 haec
142 1721 172 1748 res
187 1707 234 1748 inlra
249 1709 325 1747 uberius
343 1707 443 1748 tractanda
464 1715 499 1756 est,
522 1709 570 1749 haec
592 1715 666 1748 tantum
684 1710 715 1749 hic
733 1708 854 1760 respondeo:
877 1709 935 1748 Tales

79 1785 197 1824 hortationes
215 1784 305 1831 morales,
320 1783 461 1834 pulcherrimae
475 1784 517 1823 illae
533 1785 614 1837 quidem
628 1790 648 1823 et
665 1784 840 1836 frequentissimae,
859 1798 870 1824 e
885 1791 936 1823 statu

80 1859 230 1899 deterministico
248 1858 288 1898 fieri
306 1871 345 1898 non
363 1866 446 1910 possunt
466 1861 501 1898 nisi
519 1861 660 1911 consequentia
678 1859 759 1898 sublata.
792 1858 828 1898 Est
849 1861 936 1899 inconse-

80 1937 165 1986 quentia,
187 1947 245 1986 quam
266 1940 337 1972 uocant
358 1933 440 1973 felicem.
472 1934 591 1985 Negandum
612 1936 662 1974 enim
683 1948 722 1974 non
743 1941 778 1982 est,
800 1934 854 1986 quod
877 1936 935 1974 etiam

79 2010 176 2049 Lutherus
196 2011 239 2059 ipse
260 2015 346 2056 testatur,
365 2009 474 2049 doctrinam
491 2011 532 2058 ejus
550 2010 575 2049 de
594 2022 651 2049 servo
670 2010 747 2049 arbitrio
766 2023 809 2049 esse
826 2010 934 2048 «cardinem

79 2099 155 2125 rerum»
172 2085 202 2124 uel
217 2083 291 2123 sontem
306 2097 333 2123 ex
347 2098 387 2136 quo
402 2085 476 2136 reliqua
490 2085 605 2125 hauriantur.

132 2160 200 2211 Longe
210 2159 265 2199 aliter
279 2166 344 2198 autem
358 2161 447 2211 quaestio
457 2160 482 2200 de
493 2162 553 2211 gratia
566 2162 707 2211 praeveniente
717 2160 769 2210 apud
785 2159 935 2198 Lutheranos

80 2237 232 2275 recentiores
254 2241 351 2274 tractatur.
387 2235 480 2274 Paulatim
502 2237 552 2274 enirn
574 2238 679 2274 instaurata
699 2236 816 2286 uberiusque
838 2234 936 2286 explicata

80 2316 110 2349 est
127 2317 184 2350 vetus
202 2310 233 2349 illa
250 2310 338 2349 doctrina
351 2323 362 2349 a
377 2310 461 2349 conciliis
480 2310 564 2358 delinita,
584 2310 666 2350 decretis
685 2311 800 2361 approbata,
822 2322 833 2348 a
849 2310 936 2360 patribus

80 2386 231 2436 doctoribusque
241 2384 341 2424 Ecclesiae
351 2385 426 2432 tradita,
441 2384 549 2425 secundum
559 2399 619 2437 quam
631 2385 722 2425 «liberum
733 2385 832 2425 arbitrium
841 2385 935 2424 habemns

80 2460 104 2499 ad
118 2462 197 2507 honum,
212 2466 342 2510 praeventum
356 2462 435 2511 gratia».
462 2460 564 2500 uLibenrm
579 2467 645 2499 autem
658 2461 753 2499 habemus
763 2461 867 2508 arbitrium,
883 2462 936 2511 quia

80 2538 157 2586 gratia
177 2536 308 2575 liberatum
330 2542 352 2575 et
372 2537 450 2587 gratia
472 2536 500 2575 de
521 2542 637 2586 corrupto
657 2534 802 2574 sanatumat

132 2611 222 2662 Recepta
243 2618 263 2650 et
284 2613 352 2650 usitata
372 2611 397 2650 de
418 2611 454 2650 hac
475 2624 495 2650 re
516 2611 604 2650 doctrina
625 2611 762 2661 theologorum
780 2610 936 2649 Lutheranorum

80 2689 140 2726 nostri
154 2688 247 2737 temporis
261 2687 345 2737 positive
359 2686 480 2725 credentium
494 2687 531 2725 hoc
546 2686 587 2726 lere
601 2685 660 2725 modo
675 2687 760 2736 exprimi
775 2691 849 2736 potest:

133 2762 198 2801 Gratia
213 2763 341 2811 praeueniens
355 2761 394 2800 Dei
408 2761 462 2801 nobis
477 2768 561 2812 apparet
575 2764 594 2800 in
608 2761 741 2801 roratione
757 2761 826 2800 divina.
854 2759 876 2799 ln
890 2772 936 2799 uno-

81 2850 166 2888 quoque,
181 2839 213 2887 qui
227 2843 314 2884 vocatur,
329 2836 421 2876 effectum
435 2836 534 2887 quendam
548 2837 608 2876 hahet
620 2838 702 2884 vocatio,
713 2838 746 2887 qui
763 2836 934 2875 «ineuitabilis»

101 2953 108 2976 ¹
126 2956 185 2987 1Tim.
197 2964 211 2991 a,
225 2965 240 2995 4.

100 3007 108 3030 2
122 3009 202 3048 Luther‚
213 3008 277 3040 Werhe.
289 3008 352 3047 Erlang.
364 3008 389 3048 58,
402 3016 439 3046 239;
452 3008 478 3038 cfr.
491 3016 528 3042 ππ
545 3014 570 3047 25,
584 3007 618 3037 182.

100 3060 107 3083 ³
122 3063 200 3099 Calvia,
214 3062 321 3094 Institutiones
333 3062 368 3092 Lib.
380 3061 404 3092 Ill.
417 3061 454 3101 Cap.
467 3070 491 3096 21,
504 3068 517 3101 5.

101 3115 108 3137 4
122 3117 161 3148 ibid.
174 3117 211 3156 Cap.
223 3126 248 3157 24,
261 3123 275 3156 5.

100 3169 108 3191 ⁵
122 3170 162 3201 ibid.
174 3170 211 3210 Cap.
224 3180 238 3207 2,
251 3179 275 3201 11.

101 3222 108 3246 ὓ
123 3225 155 3256 Cir.
166 3224 238 3264 Capitula
249 3224 317 3256 Concilii
327 3233 352 3263 ap.
364 3223 459 3254 Carisiacnm
471 3223 508 3262 Cap.
520 3232 535 3254 2.
