2178 3556
197 178 220 221 16
508 189 529 221 n.
539 185 730 221 moon-tonnus.
944 178 1001 222 H.-F.
1015 179 1047 222 Kl.

194 312 248 363 quod
262 312 286 351 sit
300 311 317 349 ei
331 307 457 359 impossibile.
485 305 543 347 Zach.
561 318 576 354 1,
592 316 603 356 3
618 304 694 353 dicitur:
723 305 863 348 Convertimini
876 308 901 348 ad
915 321 953 357 me,
976 315 996 348 et
1010 322 1047 362 ego

194 394 298 428 convertar
311 385 335 425 ad
352 397 394 424 uos.
422 382 473 423 Nihil
488 391 553 422 autem
567 387 598 421 est
614 381 665 421 aliud
679 394 700 421 se
714 381 739 421 ad
753 384 835 434 gratiam
848 396 967 435 praeparare
988 398 1047 437 quam
1075 394 1079 400 ·

194 462 218 503 ad
233 462 298 503 Deum
313 463 406 501 converti.
434 458 487 511 Ergo
502 457 578 497 videtur
592 456 646 509 quod
661 457 719 497 horno
733 471 770 508 per
783 471 805 498 se
822 460 887 509 ipsum
903 461 966 509 possit
982 472 1004 499 se
1022 459 1046 499 ad

194 540 275 590 gratiam
290 548 427 589 praeparare.»

250 624 278 652 «2.
307 612 416 659 Praeterea,
437 610 495 649 homo
509 621 531 648 se
544 607 568 647 ad
582 608 665 659 gratiam
679 613 790 658 praeparat,
810 607 898 648 iaciendo
917 609 970 661 quod
989 611 1008 649 in
1025 624 1046 650 se

194 696 230 737 est,
252 691 298 740 quia
311 689 326 726 si
340 687 399 725 homo
414 684 459 724 lacit
476 683 529 735 quod
546 684 564 721 in
582 695 604 721 se
622 688 657 730 est,
678 682 732 721 Deus
751 684 768 722 ei
790 696 829 722 non
850 682 935 735 denegat
955 686 1045 736 gratiam;

194 764 326 804 diciturenim
341 760 400 801 hlath
416 771 433 812 7,
449 757 501 810 quod
516 757 570 797 Deus
584 756 618 796 dat
631 757 720 807 spiritum
734 756 807 796 bonum
822 759 932 809 petentibus
949 772 977 802 se.
1005 759 1045 801 Sed

193 838 239 878 illud
254 841 272 878 in
287 838 341 877 nobis
351 848 395 875 esse
409 834 477 874 dicitur
486 832 539 884 quod
553 839 583 872 est
598 834 616 871 in
631 838 694 871 nostra
708 838 814 883 potestate.
837 832 890 885 Ergo
904 834 983 875 videtur
992 835 1046 887 quod

193 916 211 954 in
225 920 291 954 nostra
305 918 403 963 potestate
418 911 441 948 sit
455 910 585 956 constitutum,
601 914 621 946 ut
635 920 670 947 nos
684 906 707 946 ad
722 909 805 959 gratiam
818 922 977 960 praeparemus.»

249 1002 278 1042 «3.
307 987 415 1033 Praeterea,
436 986 451 1023 si
469 983 529 1023 homo
545 982 619 1034 indiget
632 984 693 1034 gratia
706 982 731 1022 ad
746 983 783 1023 hoc
798 983 851 1035 quod
865 992 972 1036 praeparet
985 998 1007 1025 se
1021 986 1045 1026 ad

193 1066 281 1116 gratiam,
296 1064 338 1114 pari
352 1062 425 1100 ratione
439 1058 533 1110 indigebit
546 1059 607 1109 gratia
622 1057 646 1097 ad
660 1058 697 1098 hoc
711 1057 764 1109 quod
779 1065 885 1111 praeparet
901 1072 922 1099 se
941 1059 965 1099 ad
980 1060 1045 1100 illam

193 1141 283 1191 gratiam3
306 1143 325 1176 et
339 1138 365 1176 sic
379 1134 520 1186 procederetur
534 1135 552 1173 in
565 1133 666 1182 infinitum,
687 1133 741 1185 quod
763 1141 793 1174 est
813 1136 956 1176 inconveniens.
991 1134 1045 1188 Ergo

192 1214 269 1254 videtur
282 1212 372 1252 standum
387 1213 405 1250 in
420 1211 489 1260 primo,
505 1216 526 1248 ut
539 1209 612 1248 scilicet
625 1209 684 1248 homo
697 1210 739 1248 sine
753 1211 814 1261 gratia
827 1212 889 1261 possit
898 1223 919 1250 se
929 1210 953 1250 ad
964 1213 1045 1262 gratiam

192 1301 328 1341 praeparare.»

247 1374 276 1413 «4,
304 1362 413 1408 Praeterea,
431 1359 522 1399 Proverb.
544 1357 573 1407 16,
594 1372 600 1398 1
621 1358 689 1399 dicitur
707 1358 761 1410 quod
779 1360 861 1399 hominis
880 1369 910 1400 est
926 1374 1044 1412 praeparare

191 1443 281 1480 animum.
310 1436 350 1477 Sed
365 1435 411 1475 illud
427 1434 495 1475 dicitur
509 1447 551 1474 esse
565 1435 647 1473 hominis
662 1434 714 1486 quod
729 1436 879 1485 perseipsum
894 1442 966 1486 potest.
991 1435 1043 1488 Ergo

191 1515 269 1555 uidetur
282 1512 335 1565 quod
351 1512 410 1550 honio
425 1524 461 1561 per
474 1523 495 1550 se
509 1512 573 1560 ipsum
587 1522 608 1549 se
623 1511 685 1560 possit
698 1509 722 1548 ad
737 1511 818 1561 gratiam
832 1523 968 1561 praeparare.»

246 1589 305 1629 «Sed
319 1593 406 1627 contra
420 1592 449 1625 est
464 1584 517 1636 quod
532 1584 628 1636 diciturlt:
656 1583 720 1623 Nemo
739 1591 806 1635 potest
823 1587 889 1625 venire
908 1586 932 1625 ad
951 1600 988 1635 me,
1011 1589 1045 1626 nisi

191 1666 253 1713 Pater,
269 1665 302 1715 qui
315 1664 366 1701 misit
380 1674 418 1710 me,
433 1662 513 1700 traxerit
527 1673 577 1699 eum.
590 1659 647 1698 —Si
661 1666 725 1698 autem
740 1660 799 1699 homo
813 1673 834 1699 se
848 1662 912 1711 ipsum
927 1675 1044 1713 praeparare

192 1746 265 1792 posset,
279 1752 318 1778 non
332 1743 433 1788 oporteret
447 1735 500 1787 quod
515 1736 539 1774 ab
553 1735 590 1774 alio
605 1734 717 1775 traheretur.
745 1734 807 1786 Ergo
822 1735 892 1774 homo
906 1748 953 1774 non
963 1742 1045 1787 potest

190 1829 214 1855 se
229 1814 256 1854 ad
271 1814 373 1865 gratiam
388 1823 537 1862 praeparare
550 1811 642 1861 absque
656 1809 747 1849 auxilio
762 1812 880 1861 gratiae.»

245 1887 376 1939 «Respondeo
387 1886 490 1926 dicendum
501 1884 554 1937 quod
564 1885 641 1936 duplex
656 1892 685 1924 est
699 1886 823 1935 praeparatio
832 1885 936 1925 voluntatis
948 1886 1043 1926 humanae

189 1966 213 2006 ad
228 1966 310 2004 bonum:
325 1975 363 2001 una
377 1961 463 2013 quidem,
485 1974 524 2012 qua
542 1967 670 2011 praeparatur
685 1959 709 1998 ad
724 1960 775 1999 bene
790 1959 911 2010 operandum
926 1967 946 1999 et
960 1960 984 1999 ad
999 1960 1043 2001 Deo

190 2040 302 2086 fruendum3
324 2044 343 2077 et
363 2038 405 2077 talis
423 2037 546 2087 praeparatio
563 2035 668 2074 voluntatis
686 2047 724 2073 non
742 2041 809 2085 potest
829 2034 869 2073 fieri
890 2037 931 2074 sine
952 2036 1043 2075 habituali

189 2118 262 2169 gratiae
277 2115 334 2161 dono,
351 2112 404 2165 quod
419 2113 442 2150 sit
456 2112 572 2162 principium
585 2112 651 2161 operis
666 2111 774 2149 meritorii.»
987 2162 990 2165 Α

244 2190 300 2230 «Alio
314 2187 374 2228 modo
389 2192 456 2237 potest
469 2186 547 2236 intelligi
569 2187 692 2236 praeparatio
706 2184 811 2224 voluntatis
826 2185 920 2224 humanae
938 2184 962 2224 ad
977 2198 1043 2225 conse-

190 2266 290 2319 quendum
311 2267 390 2315 ipsum
411 2263 506 2313 gratiae
528 2261 656 2299 habitualis
677 2259 771 2300 donum.
799 2260 832 2299 Ad
851 2260 888 2299 hoc
906 2267 971 2299 autern
989 2261 1043 2312 quod

189 2346 295 2392 praeparet
309 2352 329 2378 se
343 2338 404 2377 homo
418 2336 442 2375 ad
457 2338 601 2386 susceptionem
616 2336 671 2385 hujus
686 2334 731 2374 doni
744 2348 782 2374 non
793 2341 872 2385 oportet
881 2348 1043 2387 praesupponere

188 2415 269 2468 aliquod
283 2413 333 2454 aliud
349 2413 422 2452 donum
437 2412 565 2450 habitualem
579 2413 648 2458 anima,
664 2412 708 2462 quia
722 2412 749 2449 sic
761 2409 902 2461 procederetur
911 2412 930 2448 in
939 2410 1041 2459 infinitum3

188 2492 222 2532 sed
238 2497 317 2542 oportet
332 2489 465 2540 praesupponi
479 2486 579 2538 aliquod
595 2486 711 2525 auxilium
726 2487 861 2537 gratuitum
875 2485 920 2524 Dei
938 2487 1042 2524 interius

188 2570 289 2606 animam
304 2566 424 2604 moventis
439 2565 493 2602 sive
508 2563 655 2613 inspirantis
670 2562 756 2600 bonum
770 2562 945 2612 propositum.»

243 2641 287 2680 «Sic
304 2642 370 2691 igitur,
395 2652 455 2690 quum
476 2631 531 2677 Deus
544 2640 568 2676 sit
589 2639 672 2688 primuni
693 2649 774 2675 monens
795 2635 913 2686 simpliciter,
937 2648 967 2674 ex
990 2636 1041 2685 ejus

187 2719 294 2756 motione
309 2722 353 2756 est.
369 2714 844 2766 quodomniainipsumconvertantur.
868 2709 925 2749 Unde
936 2709 1041 2761 Dionysius

187 2792 237 2841 dicit,
253 2791 306 2843 quod
321 2790 375 2830 Deus
394 2791 489 2829 convertit
506 2790 570 2828 omnia
591 2787 616 2826 ad
637 2799 658 2825 se
679 2788 749 2837 ipsum.
777 2784 803 2824 Et
820 2784 865 2824 ideo
884 2775 952 2837 quod
970 2785 1041 2823 homo

187 2864 384 2907 eonvertaturad
395 2864 481 2911 Deum,
497 2864 540 2902 hoc
551 2867 753 2913 nonpotestesse
767 2862 813 2899 nisi
827 2860 879 2900 Deo
893 2862 974 2911 ipsum
988 2872 1041 2899 con-

185 2948 308 2982 vertente.
320 2936 322 2938 ¹
336 2940 380 2980 Hoc
397 2946 462 2979 autem
483 2945 513 2978 est
533 2950 651 2989 praeparare
670 2950 690 2975 se
708 2936 738 2975 ad·
752 2938 840 2987 gratiam,
859 2936 914 2986 quasi
932 2934 956 2973 ad
975 2934 1041 2974 Deum

186 3019 291 3058 converti.»

240 3080 309 3120 «Unde
322 3087 378 3131 patet
392 3080 445 3132 quod
460 3080 519 3119 homo
534 3092 572 3119 non
586 3083 654 3129 potest
668 3089 688 3116 se
703 3088 822 3127 praeparare
839 3073 864 3113 ad
882 3074 948 3113 lumen
967 3075 1040 3125 gratiae

184 3156 329 3207 suscipiendum
342 3158 377 3195 nisi
391 3169 436 3207 per
448 3155 566 3195 auxilium
576 3154 708 3205 gratuitum
722 3150 878 3189 Deiinterius
892 3151 1033 3188 moventis.»

204 3244 211 3267 1
226 3245 270 3285 toan.
282 3244 297 3281 6,
309 3254 334 3285 qq.
