2178 3556
193 166 218 207 62
505 179 525 212 re.
537 180 731 214 reuoca-nonnius.
946 173 1001 215 H.-F.
1017 165 1049 215 m.

192 298 247 347 quasi
261 309 297 348 per
311 296 392 336 liberum
407 296 505 337 arbitrium
524 299 564 337 sine
583 299 644 350 gratia
663 305 773 352 utrumque,
792 300 826 341 sed
849 315 925 355 aegre
946 310 1012 344 tamen
1030 310 1050 344 et

192 371 301 421 difficulter,
316 374 384 424 possit,
399 385 415 412 a.
429 372 470 413 s.n1

247 449 279 489 «Si
289 450 332 500 quIs
348 448 423 496 dixerit,
438 450 479 488 sine
494 450 674 501 praeveniente
684 450 767 501 Spiritus
778 451 843 492 Sancti
855 454 980 505 inspiratione
989 462 1049 506 atque

191 526 233 575 ejus
248 525 345 575 adjutorio
360 526 457 564 hominem
472 524 559 573 credere,
574 538 661 576 sperare,
676 526 757 578 diligere
771 535 804 567 aut
813 530 915 578 poenitere
924 542 989 580 posse,
1000 532 1049 570 sicut

191 608 276 651 oportet,
291 607 313 640 ut
327 602 344 640 ei
356 599 496 650 justificatlouis
510 602 571 651 gratia
585 599 701 649 conferatur,
716 614 733 640 a.
748 601 789 642 s.»2

244 676 293 726 Quis
307 683 343 724 est,
358 677 393 715 nisi
406 674 505 714 doctrinae
520 673 540 713 S.
554 674 644 714 Thomae
659 678 755 727 ignorans,
770 679 800 717 cui
814 690 852 717 nou
871 681 997 730 perspicuum
1012 687 1048 729 est,

191 751 298 792 doctrinam
313 751 372 791 Cone.
388 749 496 789 Tridentini
516 751 591 800 optime
612 762 656 789 cum
673 751 704 791 illa
723 751 810 792 doctrina
831 753 961 794 concordare?
988 755 1047 806 Quod

190 829 259 867 attinet
273 826 296 867 ad
316 827 367 866 lrnnc
385 838 500 866 eonsensum
518 825 561 864 nihil
583 832 613 865 est
631 827 684 877 quod
706 840 764 879 agam
785 828 809 868 de
831 829 941 881 sIngulis.
968 830 1048 871 Nemini

190 916 229 943 non
243 902 324 954 patebit.

243 976 321 1029 Aliquid
340 979 385 1016 novi
402 975 481 1026 quidem
498 977 591 1026 importat
605 974 746 1016 Tridentinum.
775 977 815 1018 Sed
835 979 879 1018 nihii
900 980 973 1031 plane
995 984 1045 1023 novi.

189 1054 321 1105 Coguovimus
336 1052 390 1103 apud
404 1050 424 1092 S.
439 1051 538 1091 Tlromam
557 1054 635 1092 nomine
651 1052 792 1102 justificatIonis
809 1056 931 1104 potissimum
950 1056 1047 1109 designari

188 1130 357 1168 remissionem
380 1134 544 1188 pcccatorum.
582 1126 690 1168 «Remissio
711 1135 836 1179 peccatorum
858 1138 895 1170 est
915 1131 1044 1180 justificatio.»

187 1204 259 1255 Neque
278 1211 344 1242 tamen
361 1204 472 1253 ignoramus
490 1202 550 1241 verba
567 1204 609 1252 ejus
624 1202 713 1242 dicente:
737 1203 840 1244 «Remotio
854 1206 956 1256 cujuslibet
968 1209 1046 1257 peccati

187 1279 256 1319 dicitur
273 1277 401 1328 justificatio.»
429 1276 536 1316 Notionem
551 1290 599 1329 ergo
614 1278 707 1317 habers.
722 1278 809 1319 Thomas
824 1282 923 1332 utriusque
942 1283 974 1330 rei,
991 1283 1046 1331 justi-

187 1354 281 1395 ficatIoniS
295 1366 369 1404 nempe
384 1353 438 1404 quasi
457 1353 609 1392 remissionis
627 1353 737 1402 objectivae
754 1362 880 1405 peccatorum
895 1369 960 1396 coram
972 1357 1046 1407 judicio

186 1431 224 1472 Dei
234 1427 368 1470 consideratae
378 1440 454 1467 necnon
465 1426 607 1477 justificationis
616 1434 719 1478 spectatae
728 1436 788 1479 prout
798 1436 826 1469 est
839 1432 938 1471 remotio
952 1434 1045 1483 subjec-

187 1508 237 1545 tiva
250 1505 327 1557 peccati
342 1517 353 1543 e
368 1501 426 1543 eorde
441 1502 568 1550 credentium,
584 1515 619 1542 seu
633 1502 808 1544 sanctificatio

239 1580 277 1620 Hic
294 1579 375 1630 quidem
393 1577 463 1628 aliquid
485 1579 530 1617 novi
546 1577 683 1617 Tridentinum
704 1579 803 1629 importat,
830 1579 871 1619 Sed
893 1581 966 1632 plane
987 1583 1045 1622 novi?

185 1657 236 1697 Nlliil
256 1668 308 1696 sane.
337 1653 422 1693 Omnino
441 1654 485 1692 nihil
504 1655 555 1701 nori,
573 1652 627 1705 quod
641 1655 665 1692 sit
679 1653 710 1693 vel
726 1667 805 1704 prorsus
820 1654 917 1694 diversum
932 1669 943 1694 a
957 1656 1045 1696 doctrina

186 1732 206 1772 S.
221 1731 311 1771 Thomae
329 1730 360 1769 vel
378 1731 396 1769 ei
412 1729 552 1768 contradicens.
581 1728 634 1768 Novi
652 1731 671 1768 in
685 1729 800 1769 Tridentino
817 1730 862 1769 nihil
877 1730 927 1770 aliud
942 1733 1044 1780 invenitur,

185 1821 244 1858 quam
258 1807 335 1858 plenIor
349 1804 489 1856 explicatio
504 1817 577 1852 eorum,
593 1817 675 1854 quorum
690 1807 778 1856 germina
790 1807 829 1855 jam
846 1806 899 1856 apud
914 1805 934 1845 S.
945 1806 1043 1847 Thomam

184 1885 312 1922 inveniuntur.
341 1880 392 1920 Nam
413 1893 473 1930 quum
494 1880 547 1930 apud
566 1879 587 1920 S.
602 1880 706 1927 Thomam,
727 1886 768 1919 tum
786 1883 805 1920 in
823 1881 938 1921 Tridentino
957 1884 1006 1922 inest
1024 1884 1044 1922 In

184 1959 246 1997 uerbo
267 1956 407 2007 justificationis
431 1969 469 1995 non
490 1956 553 1995 solum
574 1958 671 2003 remissio,
694 1955 729 1995 sed
754 1958 812 1996 etiam
836 1956 967 1997 sanctificatio.
1002 1957 1043 1998 Sed

184 2032 204 2072 S.
219 2033 307 2072 Thomas
325 2034 411 2071 maxime
429 2032 522 2082 explicat,
540 2032 586 2083 quid
604 2034 648 2070 insit
665 2034 683 2071 in
702 2044 752 2071 uoce
770 2034 892 2080 remissionis,
907 2031 1042 2073 Tridentinum

183 2121 238 2156 uero,
252 2108 290 2148 hoc
307 2109 347 2157 jam
367 2106 443 2146 abunde
461 2107 561 2158 explicato
577 2113 597 2146 et
611 2107 706 2154 absoluto,
722 2107 768 2157 quid
782 2109 826 2146 insit
839 2109 859 2146 in
872 2120 923 2147 voce
936 2110 1043 2149 sanctifica-

183 2185 245 2222 tionis.
270 2183 333 2232 Hujus
347 2183 439 2233 plenioris
454 2182 589 2234 explicationis
604 2194 661 2221 causa
677 2184 763 2222 exterius
778 2182 834 2221 allata
848 2190 878 2222 est
895 2184 982 2234 patribus
997 2197 1043 2225 con-

183 2259 219 2299 cilii
237 2273 264 2298 ex
279 2258 366 2298 doctrina
387 2260 542 2310 protestantium,
564 2259 680 2309 praesertim
693 2257 793 2297 Martini
809 2257 912 2298 Lutheri
933 2259 997 2299 adhuc
1017 2260 1042 2298 ab

182 2333 271 2373 Ecclesia
284 2334 346 2373 aliena
361 2334 393 2387 (de
407 2347 446 2384 qua
461 2334 522 2386 infra).

235 2409 256 2461 bl
274 2409 368 2458 Quamvis
390 2423 416 2449 ex
437 2410 465 2449 his
485 2413 526 2461 jam
546 2416 621 2461 pateat,
635 2408 744 2450 Ecclesiam
765 2415 810 2460 post
825 2409 929 2457 Thomam,
951 2423 1002 2460 quae
1023 2412 1042 2448 in

183 2484 299 2524 Tridentino
313 2497 370 2524 suum
385 2485 409 2525 de
425 2486 563 2535 justIficatione
580 2485 673 2536 judicium
688 2485 821 2532 declaraverit,
836 2486 914 2524 minime
928 2498 939 2524 a
954 2484 1042 2525 doctrina

183 2558 204 2600 S.
219 2560 309 2599 Thomae
324 2560 426 2612 delapsam
440 2574 489 2609 esse,
505 2562 569 2601 adhuc
583 2561 649 2601 forsan
662 2563 704 2611 quis
719 2559 841 2607 dubitaverit,
857 2566 921 2599 utrum
939 2566 985 2610 post
999 2559 1042 2600 Tri-

184 2634 284 2674 dentinum
297 2636 339 2674 taIIs
352 2636 508 2688 degenerationis
516 2636 604 2677 Ecclesia
611 2636 701 2676 Romana
712 2637 782 2675 merito
794 2638 879 2675 accusari
886 2637 948 2686 possit
958 2648 982 2674 an
990 2636 1042 2674 non?

236 2711 352 2750 Admodum
373 2711 428 2751 facile
449 2713 498 2752 haec
519 2715 607 2763 quaestio
625 2711 713 2759 solvitur,
735 2712 849 2750 testimoniis
870 2712 937 2760 eisque
953 2711 1041 2761 publicis,

183 2788 263 2837 copiose
276 2788 316 2836 jam
331 2787 405 2827 collatis
418 2787 467 2839 Cap.
483 2786 508 2827 III
522 2787 660 2827 dissertationis
675 2792 758 2826 nostrae.

235 2861 320 2901 Scholae
334 2864 387 2902 enim
401 2869 420 2902 et
434 2863 552 2911 academiae,
568 2861 679 2902 conditores
689 2867 709 2902 et
718 2860 793 2912 legiferi
802 2859 890 2899 ordinum
901 2859 1040 2911 religiosorum,

182 2935 285 2977 Pontifices
299 2937 386 2985 Maximi,
401 2940 450 2978 inter
467 2951 517 2989 quos
534 2951 582 2989 prae
599 2938 668 2977 ceteris
682 2936 731 2977 Leo
745 2935 796 2984 XIII,
811 2947 873 2986 usque
887 2936 907 2974 in
921 2934 972 2974 diem
986 2934 1041 2975 hodi-

183 3024 251 3051 ernum
265 3015 380 3053 unanimiter
395 3012 415 3054 S.
432 3014 532 3054 Thomam
546 3013 664 3053 admirantur
678 3019 779 3063 tamquam
794 3010 902 3050 Doctorem
916 3012 1041 3061 praestantis-

181 3089 258 3128 simum.
288 3087 390 3135 «Jamvero
408 3096 531 3141 compertum
548 3096 583 3139 est,
599 3091 618 3128 in
631 3090 705 3140 maguis
722 3088 758 3127 ntis
772 3088 868 3126 humanae
885 3087 991 3137 sapientiae
1006 3085 1041 3125 do-

204 3195 210 3219 ¹
225 3196 266 3230 Ibid.
279 3198 316 3229 Can.
327 3206 342 3230 2.

203 3250 210 3274 Β
225 3252 266 3283 thid.
278 3252 316 3282 Can.
328 3261 343 3292 3.
