2178 3556
167 187 189 237 32
479 184 702 230 armeniorum
916 177 971 227 HF.
987 188 1019 229 Kl.

164 320 221 360 tate,
238 326 276 352 non
291 314 335 365 quia
350 314 418 352 caritas
434 325 469 363 per
482 326 504 352 se
517 313 622 362 justificans
637 324 671 363 est,
686 315 722 355 sed
735 317 779 366 quia
791 318 870 356 ‹tearitas
880 317 949 356 dicitur
958 316 1019 357 sonna

163 389 214 437 fidei,
232 391 251 429 in
270 394 364 441 quantum
381 401 418 440 per
434 389 534 427 caritatem
552 395 605 428 actus
623 389 668 429 fidei
688 389 786 441 perficitur
801 399 819 430 et
834 390 946 433 formatur».
973 391 1019 431 Non

163 465 208 505 dicit
222 465 243 506 S.
259 464 334 505 Doctor
355 464 414 503 fidem
435 465 500 502 vivam
520 463 624 513 justificare
642 479 678 515 per
694 466 755 505 bonos
774 472 834 513 actus,
852 465 887 505 sed
906 473 959 506 certe
973 466 1019 507 dicit

162 540 221 580 iidem
243 553 282 579 non
303 552 346 579 esse
368 542 432 579 viram
450 547 470 578 et
483 539 620 588 justificantem
639 541 672 579 nisi
691 542 816 591 «principium
835 542 858 579 sit
878 542 923 580 boni
945 548 1017 581 retusi.

164 615 228 655 uTalis
243 622 309 655 auteur
324 614 399 654 habitus
414 620 444 653 est
458 613 507 652 fides
521 614 635 653 formata.»1

215 690 379 742 Distinguendum
394 696 459 728 tamen
474 695 503 727 est
517 690 566 727 inter
580 691 680 728 caritatem
694 689 745 728 illam
763 689 898 740 imperfectam
917 699 938 730 et
953 693 1018 742 incipi·

162 774 233 814 entem,
249 767 301 805 illum
316 777 408 811 amorem,
424 776 483 815 quern
499 765 556 802 etiam
571 762 630 803 Cone.
646 763 692 803 Trid
707 763 766 815 (Sess.
782 764 816 814 Vl,
833 764 852 817 ὁ)
869 767 918 804 inter
937 765 1018 816 disposi-

162 845 230 889 tiones,
244 841 400 891 justificationem
416 838 556 888 praecedentes
571 846 673 878 enumerat
689 839 764 878 dicens:
788 838 935 890 «Disponuntur
951 846 1017 880 autern

162 917 185 957 ad
201 919 264 968 ipsam
276 916 375 965 justitiam,
390 913 436 951 dum
451 914 530 952 excitati
545 913 610 952 divina
619 916 680 964 gratia
690 946 694 953 .
740 913 805 953 Deum
815 914 894 966 diligere
905 916 1016 966 incipiunt»7

162 1000 180 1033 et
195 993 248 1032 illam
263 993 368 1036 caritatem,
384 1001 422 1039 qua
435 1001 493 1027 sensu
503 990 590 1027 strictiori
600 988 649 1028 fides
659 987 744 1028 saluifica
755 989 866 1039 «perficitur
875 997 895 1029 et
904 990 1015 1030 formatur».

161 1067 216 1107 Haec
230 1069 303 1113 caritas,
319 1072 338 1104 et
353 1064 439 1104 nondum
454 1076 509 1102 amor
522 1063 553 1102 ille
570 1064 650 1111 initialis,
668 1063 784 1103 considerari
805 1071 872 1115 potest
892 1072 913 1104 ut
934 1066 1016 1105 ultima

160 1143 300 1193 dispositio,
318 1140 353 1180 sed
370 1152 405 1190 per
419 1151 440 1177 se
454 1138 510 1177 simul
525 1140 610 1178 existens
625 1151 669 1178 cum
681 1138 823 1189 justificatione.
852 1138 915 1188 Unde,
930 1142 1016 1192 quoties-

160 1230 237 1269 cunque
257 1216 312 1255 adest
329 1216 379 1254 haec
396 1215 470 1261 caritas
487 1215 542 1253 simul
563 1221 653 1265 tempore
670 1215 751 1254 habetur
763 1215 880 1264 justificatio,
894 1216 925 1255 rel
941 1222 962 1254 ut
976 1216 1015 1255 aliis

159 1293 222 1332 uerbis
237 1299 287 1330 utar:
308 1289 338 1329 Eo
353 1292 396 1341 ipso
411 1288 464 1340 quod
479 1290 535 1328 adest
549 1289 598 1329 fides
617 1289 705 1339 formata,
724 1303 748 1329 eo
766 1292 809 1341 ipso
830 1290 886 1330 adest
904 1290 1015 1340 justilicatio

158 1370 198 1406 sine
213 1367 252 1406 ullo
267 1365 398 1405 interuallo
416 1366 538 1414 temporis.

212 1443 267 1481 Fides
289 1443 334 1480 vira
357 1446 398 1480 «est
419 1442 507 1478 virtus»
530 1439 599 1492 (eides
620 1447 686 1480 autern
707 1439 792 1479 informis
814 1454 852 1480 non
870 1448 899 1480 est
915 1441 1015 1494 virtusn).2

158 1517 225 1557 Unde
247 1518 295 1556 haec
315 1518 387 1555 virtus?
414 1515 503 1554 Fortasse
525 1516 549 1554 ab
569 1517 613 1565 ipso
634 1516 725 1554 homine?
752 1515 788 1554 Per
810 1516 859 1555 hanc
879 1518 1014 1568 quaestionem

158 1595 246 1632 venimus
261 1592 285 1631 ad
299 1591 324 1638 id,
340 1590 393 1642 quod
408 1592 474 1629 nescio
488 1604 513 1628 aa
526 1592 610 1640 primum
626 1604 669 1630 esse
684 1591 777 1630 debuerit.
806 1590 887 1630 Summa
906 1594 957 1631 enirn
971 1605 1014 1642 gra-

157 1671 216 1707 vitate
232 1675 251 1706 et
269 1667 332 1706 multis
349 1667 395 1706 locis
410 1664 430 1704 S.
446 1665 521 1704 Doctor
542 1674 600 1716 negat
620 1665 680 1705 lrdem
699 1665 837 1716 justificantem
858 1680 901 1705 esse
922 1669 1013 1706 virtutem

157 1756 205 1794 pure
220 1744 323 1782 humanam
338 1744 348 1780 i.
365 1755 381 1781 e.
397 1741 467 1778 viribus
482 1740 569 1779 humanis
584 1739 634 1779 elfici
648 1753 713 1791 posse.

213 1817 311 1857 «Necesse
332 1823 362 1856 est
384 1815 436 1866 quod
459 1815 522 1854 lides
542 1818 571 1854 sit
592 1829 602 1854 a
620 1815 677 1857 Deo.
705 1814 735 1854 Ea
755 1818 805 1855 enim
827 1829 877 1867 quae
897 1823 942 1855 sunt
960 1817 1011 1865 fidei,

155 1893 256 1933 excedunt
270 1894 363 1932 rationem
378 1890 514 1931 humanam.»3
541 1889 566 1929 Et
581 1891 618 1930 hoc
634 1904 657 1930 «a
668 1891 724 1930 Deo»
741 1891 804 1930 multis
818 1892 880 1930 modis
895 1894 1012 1943 exprimitur

154 1971 172 2008 in
186 1970 224 2008 hoc
238 1974 352 2019 systemate,
368 1969 386 2005 in
401 1979 441 2017 qno
455 1968 519 2004 omnia
534 1968 552 2004 in
566 1967 660 2015 majorem
678 1967 757 2018 gloriam
777 1966 849 2006 liberae
868 1973 887 2006 et
903 1969 1011 2007 immeritae

152 2046 225 2095 gratiae
240 2043 278 2082 Dei
292 2044 364 2093 scripta
378 2054 421 2081 osse
436 2041 531 2080 videntur
560 2040 602 2088 Jam
623 2043 804 2092 «praeparatio»
825 2042 849 2080 ad
867 2042 925 2081 fidem
944 2055 1010 2082 neces-

152 2120 200 2157 sarie
217 2132 240 2157 ra
249 2117 294 2157 Deo
308 2125 338 2156 est
352 2130 388 2167 per
402 2118 503 2167 gratiamn,
518 2118 558 2154 sine
573 2129 612 2166 qua
626 2129 665 2155 non
679 2116 751 2155 elevari
765 2129 869 2166 possumus
881 2119 910 2155 «in
925 2131 948 2157 ea
959 2131 1010 2169 quae

152 2200 197 2232 sunt
211 2206 270 2243 supra
287 2191 409 2231 naturarum

205 2268 262 2307 Fides
280 2269 363 2306 nascitur
381 2279 407 2306 ex
427 2268 515 2317 gratia,
538 2279 601 2317 «quae
623 2266 683 2306 lacit
704 2265 774 2305 fidem»
795 2273 814 2306 et
828 2266 847 2305 id
862 2280 899 2306 non
914 2268 976 2307 solum
991 2270 1009 2307 in

152 2346 253 2395 principio,
268 2343 302 2382 sed
317 2355 402 2393 semper.
431 2341 487 2380 Fides
503 2348 532 2381 est
547 2355 607 2381 nova
621 2344 713 2381 creatio
727 2344 745 2380 in
759 2342 843 2390 homine,
859 2343 929 2381 homini
944 2343 1009 2383 aDeo

152 2418 234 2457 inlusa
249 2417 302 2458 etc.5

204 2493 249 2532 Non
269 2496 329 2532 minus
351 2494 467 2543 eloquenter
486 2507 545 2545 quam
563 2493 684 2534 abundanter
698 2492 718 2532 S.
733 2493 819 2532 Thomas
839 2493 864 2533 de
882 2494 921 2534 fide
940 2495 1009 2544 justifi-

151 2576 207 2608 cante
225 2576 245 2608 et
262 2569 347 2608 salvifica
363 2570 449 2620 loquitur
466 2575 558 2619 tanquam
577 2569 602 2608 de
621 2583 641 2608 re
659 2570 738 2608 maximi
756 2570 856 2616 momenti,
875 2576 967 2620 tanquam
982 2569 1007 2609 de

150 2644 266 2692 conditione,
281 2647 322 2683 sine
337 2658 376 2696 qua
390 2644 441 2682 nulla
455 2646 551 2683 invenitur
564 2645 614 2682 salus
629 2645 702 2683 homini
715 2646 819 2694 peccatori.

202 2719 267 2758 Nihilo
282 2721 343 2758 minus
358 2720 403 2758 olim
418 2718 491 2757 dictum
506 2726 554 2758 erat:
578 2719 702 2758 «Adversarii
721 2720 814 2769 incipiunt
828 2718 873 2758 fidei
888 2721 1006 2759 mentionem

151 2793 219 2841 lacere,
236 2794 260 2833 de
276 2807 313 2845 qua
328 2795 384 2833 olim
401 2796 485 2832 mirum
503 2800 555 2832 erat
568 2792 727 2834 silentium.»6
754 2793 804 2841 Non,
820 2806 872 2841 sane,
888 2807 955 2833 verum
970 2802 1005 2835 est.

150 2867 176 2907 Et
190 2883 250 2920 quum
265 2868 340 2908 dicitur:
365 2869 406 2908 «De
428 2869 470 2907 liae
490 2868 529 2908 fide
548 2869 598 2908 nulla
612 2870 688 2920 syllaba
703 2875 767 2908 exstat
781 2871 799 2907 in
814 2868 900 2908 doctrina
915 2869 1006 2910 adversa-

171 2986 177 3008 1
191 2987 209 3019 P·
220 2996 245 3026 aa·
259 2997 283 3027 rr·

171 3039 177 3062 ἓ
192 3040 209 3070 Ρ.
221 3050 245 3080 444

170 3094 177 3114 :r
191 3094 208 3124 p,
220 3104 245 3133 Η.

170 3147 176 3168 ⁴
192 3147 208 3176 P·
220 3156 245 3186 rs-

170 3199 177 3221 ⁵
191 3201 209 3230 P·
220 3210 245 3240 rr·

169 3255 176 3277 d
190 3255 262 3288 Conless
275 3255 315 3295 Aug.
328 3257 362 3287 aa,
374 3255 410 3288 XX.
