2178 3556
448 179 468 220 n.
479 180 671 220 iruooriaounmo.
878 172 903 222 H.
918 179 938 220 F.
953 175 986 220 Kl.

182 303 256 342 Deum
278 303 383 355 diligere
403 308 542 357 superomnia
556 319 584 345 ex
597 307 642 347 solis
661 308 779 348 naturalibus
797 310 838 348 sine
852 310 913 361 gratia
926 308 986 348 homo

127 393 166 419 non
188 386 260 432 potest.
289 379 361 420 Obstat
381 382 481 432 appetitus
498 382 604 421 uoluntatis
622 383 723 432 rationalis,
739 397 790 435 quae
809 391 893 435 propter
906 396 985 434 corrup-

127 456 201 495 tionem
216 462 296 496 naturae
310 457 398 508 sequitur
411 456 484 496 bonum
499 459 603 508 privatum,
619 460 653 497 nisi
666 466 744 498 sanatur
758 472 794 510 per
806 461 888 509 gratiam
897 465 985 498 naturam

126 537 234 571 sanantem.

180 607 252 658 Legis
270 606 385 646 mandata
402 606 503 657 implere
520 608 539 646 in
557 613 608 647 statu
623 614 702 647 naturae
716 614 820 659 corruptae
835 614 855 648 et
868 610 909 647 sine
923 608 984 658 gratia

126 688 208 721 sanante
223 681 282 722 homo
296 695 335 721 non
351 689 421 732 potest.

180 757 238 796 Vita
260 764 359 797 aeterna
373 763 402 796 est
416 756 458 795 finis
475 756 573 797 excedens
587 758 638 797 vires
655 765 734 797 naturae
748 758 850 806 humanae,
865 757 910 797 ideo
924 757 983 797 homo

127 846 164 884 per
178 846 212 872 sua
226 833 320 872 naturalia
334 845 372 871 non
387 838 453 883 potest
467 838 567 882 praestare
581 844 642 883 opera
656 834 753 873 meritoria
766 834 819 872 vitae
833 838 924 873 aeternae
938 845 983 883 pro-

127 910 247 958 portionata;
262 907 297 947 sed
312 906 337 946 ad
351 907 453 957 hocopus
468 913 497 946 est
511 907 578 946 altiore
592 909 669 954 virtute,
684 920 736 958 quae
750 914 780 947 est
793 909 853 947 uirtus
868 909 946 960 gratiae.

180 983 207 1023 Se
221 984 263 1033 ipse
278 982 302 1022 ad
317 983 398 1033 gratiam
413 995 560 1033 praeparare
574 995 612 1033 per
626 996 647 1023 se
659 985 723 1034 ipsum
734 984 808 1035 absque
819 989 901 1022 externo
911 983 982 1023 auxilio

125 1061 200 1111 gratiae
217 1057 276 1097 homo
294 1070 333 1096 non
352 1063 422 1107 potest.
451 1056 568 1108 Praeparatio
586 1060 672 1097 consistit
689 1059 708 1097 in
725 1059 852 1098 conversione
866 1059 981 1109 peccatoris.

125 1133 167 1174 Sed
181 1139 201 1173 ut
216 1133 274 1172 homo
289 1132 313 1172 ad
328 1132 392 1172 Deum
408 1138 532 1173 convertatur
550 1133 591 1173 lieri
609 1147 648 1173 non
663 1139 734 1185 potest,
749 1135 783 1173 nisi
797 1133 841 1173 Deo
858 1135 922 1184 ipsum
936 1145 981 1172 con-

125 1214 221 1248 vertente.
236 1209 286 1247 intus
301 1209 384 1247 animam
398 1214 491 1247 movente
505 1210 547 1248 siue
556 1209 629 1248 bonum
641 1210 763 1260 propositum
773 1210 884 1259 inspirante
907 1208 981 1247 Primus

124 1291 190 1323 motor
204 1289 233 1322 est
247 1282 307 1323 Deus.
335 1282 429 1322 Peccator
442 1289 512 1323 motus.

178 1358 317 1409 Resurgere
336 1371 346 1396 a
365 1364 468 1408 peccato
485 1360 525 1397 sine
544 1358 617 1398 auxilio
635 1360 706 1408 gratiae
721 1360 781 1398 homo
795 1371 832 1397 non
847 1359 904 1400 valet.
932 1358 981 1398 Fieri

124 1434 162 1473 hoc
177 1446 215 1472 non
229 1438 302 1483 potest,
318 1434 352 1471 nisi
365 1432 409 1472 Deo
424 1433 545 1472 voluntatem
559 1433 641 1472 hominis
656 1433 680 1472 ad
694 1446 716 1472 se
733 1435 827 1475 trahente.
856 1432 903 1483 Ejus
920 1435 981 1484 gratia

123 1508 145 1547 fit
160 1509 280 1556 resurrectio,
297 1514 397 1559 tamquam
411 1510 427 1547 si
441 1510 517 1559 corpori
531 1514 609 1547 mortuo
624 1508 688 1547 denuo
702 1508 836 1548 infunderetur
850 1511 918 1548 anima.

177 1583 304 1622 Peccatum
319 1584 398 1622 vitare
413 1585 454 1622 sine
468 1585 529 1634 gratia
543 1584 603 1622 homo
618 1596 656 1622 non
669 1590 741 1634 potest.
771 1583 829 1632 Quod
843 1584 917 1623 bonum
927 1584 979 1631 velit,

123 1658 183 1697 babet
196 1658 267 1697 auxilio
281 1660 361 1709 gratiae.

177 1732 279 1783 Operari
301 1734 386 1772 bonnm
405 1733 552 1783 supernaturale
567 1746 604 1783 per
617 1746 638 1772 se
653 1735 717 1784 ipsum
732 1735 806 1784 absque
820 1734 891 1773 auxilio
905 1735 979 1784 gratiae

122 1809 181 1847 etiam
199 1808 257 1846 homo
274 1814 351 1846 renatus
369 1821 407 1847 non
426 1815 497 1858 potest.
528 1807 605 1859 indiget
622 1808 686 1847 auxilii
704 1811 783 1859 gratiae,
802 1814 824 1846 ut
841 1815 894 1848 recte
912 1810 979 1848 uivere

121 1885 196 1934 possit.⁴

173 1958 206 1998 Ad
227 1958 442 2008 perseuerandum
465 1958 524 1997 homo
545 1960 563 1997 in
585 1961 647 2009 gratia
668 1961 782 1998 constitutus
804 1958 878 2010 indiget
898 1960 976 2010 gratiae,

120 2034 157 2073 Per
170 2047 192 2073 se
206 2035 270 2084 ipsum
284 2034 359 2087 absque
373 2035 434 2085 gratia
448 2045 576 2083 perseuerare
591 2047 630 2073 non
645 2040 717 2084 potest.

481 2169 619 2206 Consensus.

174 2259 287 2299 Sententiae
310 2271 369 2308 supra
392 2260 462 2297 citatae
485 2258 536 2297 bene
560 2257 679 2297 concordant
702 2269 746 2296 cum
770 2257 857 2296 doctrina
880 2260 975 2297 ueteris

119 2334 249 2374 Ecclesiae.
277 2332 310 2372 Ex
328 2347 355 2384 gr.
374 2346 419 2373 cum
439 2334 542 2372 canonibus
560 2333 635 2372 concilii
652 2333 771 2380 Arausicani‚
793 2333 825 2371 ubi
842 2333 920 2371 dicitur:
944 2333 976 2373 «Si

119 2413 162 2461 quis
177 2423 213 2461 per
227 2415 307 2448 naturae
321 2410 408 2459 vigorem
423 2409 495 2447 bonnm
510 2407 595 2458 aliquod,
617 2407 671 2459 quod
689 2407 810 2446 adsalutem
825 2410 910 2457 pertinet
923 2409 975 2447 uitae

119 2492 215 2531 aeternae,
231 2486 323 2535 cogitare,
337 2490 370 2522 aut
384 2484 456 2535 eligere
471 2496 535 2534 posse
558 2482 664 2531 confirmat,
679 2482 777 2523 haeretico
792 2482 862 2522 fallitur
879 2484 975 2533 spiritu.»I

172 2559 214 2599 Nec
235 2559 285 2598 aliud
307 2559 342 2598 sibi
363 2559 404 2597 vult
425 2558 582 2598 Innocentius
597 2557 610 2606 l,
628 2561 661 2609 qui
675 2560 708 2597 ait:
743 2558 828 2598 «Omnes
849 2560 916 2605 sancti,
934 2560 975 2597 sine

118 2634 213 2684 adjutorio
228 2633 265 2673 Dei
279 2634 323 2673 nihil
338 2647 359 2673 se
373 2647 432 2685 agere
446 2646 511 2684 posse,
528 2633 690 2673 1331311131»ιῖ-
705 2632 732 2673 Et
746 2634 798 2672 alibi:
829 2632 927 2672 uNecesse
939 2639 973 2680 est,

118 2716 139 2749 ut
156 2712 243 2749 restituta
257 2710 312 2748 nobis
327 2711 400 2759 pristini
414 2715 475 2748 status
489 2709 580 2748 libertate
595 2721 631 2759 per
648 2710 735 2759 gratiam,
754 2721 796 2748 eam
816 2710 897 2758 gratiam
915 2720 974 2758 quae-

118 2797 190 2824 ramus:
206 2787 281 2835 quippe
296 2786 329 2835 qui
344 2797 408 2836 neque
423 2784 468 2823 alias
483 2784 553 2823 diaboli
568 2786 684 2823 tentationes
700 2789 720 2822 et
738 2783 842 2830 machinas,
862 2784 896 2821 nisi
914 2784 974 2833 gratia

114 2857 202 2910 juvante,
226 2862 322 2910 possimus
343 2858 437 2900 uitare.»3
457 2883 481 2887 -
503 2858 529 2898 Et
551 2858 611 2901 Conc.
631 2859 719 2898 Arausio.
742 2858 838 2897 decernit:
873 2857 973 2906 «Quoties-

117 2948 194 2985 cunque
208 2935 258 2973 bene
272 2937 353 2986 agimus
368 2934 422 2974 Deus
437 2937 456 2973 in
470 2935 524 2973 nobis
540 2940 559 2973 et
573 2933 673 2973 nobiscum
691 2939 790 2983 operatur,
805 2938 826 2970 ut
840 2933 974 2983 operemrir,»4

137 3085 231 3118 ¹Arausic.
242 3085 260 3117 11.
283 3086 321 3116 Can.
334 3092 348 3124 7.

136 3139 144 3162 2
158 3140 187 3171 Ad
197 3138 257 3169 Concil.
270 3139 342 3178 Carthag⁴

136 3193 143 3215 ³
159 3195 187 3225 Ad
198 3193 258 3224 Concil.
269 3193 384 3223 lllileuitanum.

136 3248 232 3279 4Arausic.
242 3246 261 3277 11.
283 3247 322 3277 Can.
335 3255 349 3286 9.
