2178 3556
187 149 199 188 4
505 147 525 181 rc.
536 148 727 182 uuocrr-rouuiuu.
938 139 992 183 H.-F.
1006 141 1038 183 Kl.

184 267 236 306 trinis
258 268 300 317 ejus
321 266 347 307 de
368 269 429 318 gratia
451 267 521 307 Christi
542 274 562 307 et
583 266 608 307 de
629 267 689 308 libero
704 268 782 308 arbitrio
803 271 844 309 sive
862 283 907 309 cum
925 271 1039 310 auctoritate

186 341 289 383 «Doctoris
303 342 414 383 Ecclesiae»
430 344 509 383 omniuo
523 343 618 383 conciliari
631 345 712 394 possint.

236 417 350 458 Doctrinam
365 418 386 461 S.
401 417 492 459 Thomae
506 418 612 458 illustrandi
626 430 684 459 causa
698 420 853 471 comparabimus
872 433 916 460 eam
933 420 993 461 altera
1011 435 1039 462 ex

182 499 239 544 parte
253 505 298 533 cum
309 493 396 533 doctrina
409 493 538 534 ecclesiastica
552 500 597 533 aute
611 500 631 533 et
644 501 690 545 post
704 507 749 534 eum
764 493 848 543 definita,
862 494 923 535 altera
938 508 964 536 ex
981 502 1037 548 parte

182 580 227 607 cum
241 568 329 609 doctrina
347 569 452 608 Lutlieri
470 574 490 607 et
510 567 665 607 Lutheranorum
682 571 817 609 recentiorum.
845 570 957 611 Consensus
974 572 1036 612 eccle-

181 645 268 683 siasticus
281 644 310 683 his
324 645 342 682 in
357 644 414 683 rebus
428 645 513 683 omnium
528 644 650 694 gravissimis,
671 657 683 683 a
697 642 784 684 Luthero
801 645 894 694 sublatus,
916 646 940 686 ab
952 647 974 685 iis
988 660 1036 698 pau-

180 717 235 758 latim
245 721 360 758 instauratus
370 724 406 766 est,
417 720 450 770 qui
462 717 526 757 adhuc
542 716 669 757 «Lutlreranb
686 726 786 767 vocantur,
800 719 835 759 sed
852 721 1036 772 quorum'doctrina

181 794 205 833 de
215 795 278 845 gratia
288 793 357 833 Christi
367 801 387 833 et
397 793 422 833 de
432 793 493 833 libero
502 794 580 832 arbitrio
589 806 610 833 re
620 806 666 833 uera
676 800 696 833 ct
706 800 775 845 aperte
787 795 865 834 similior
875 803 905 835 est
914 795 935 835 S.
944 795 1035 837 Thomae

180 869 280 908 doctrinae
291 881 350 921 quam
359 868 445 908 Lutheri.
460 867 505 907 Hoc
513 868 543 907 alii
554 868 617 907 adhuc
627 881 698 920 negare
709 875 809 917 conantur,
820 870 850 909 alii
860 884 908 911 vero
919 871 1033 920 concedunt,

179 957 263 996 quorum
285 943 370 983 nonnulli
390 950 499 995 gementes,
522 943 630 994 gaudentes
651 951 716 983 autem
738 946 802 992 ceteri,
827 958 910 997 quorum
931 949 1033 997 suspirium

179 1019 313 1072 quotidianum
324 1026 364 1058 est:
395 1017 434 1057 «Ur
447 1031 515 1058 omnes
526 1032 584 1058 rmum
594 1021 648 1059 sint.»
676 1018 763 1068 Affatim,
778 1021 835 1070 ajunt,
851 1022 943 1061 materiae
958 1029 1034 1062 contro·

177 1096 285 1134 uersiarum
299 1093 339 1133 aliis
353 1094 372 1132 in
389 1093 436 1133 locis
451 1094 566 1144 dogmaticis
581 1094 641 1133 adest.
669 1093 715 1134 Hoc
728 1096 747 1133 in
762 1095 804 1135 loco
819 1098 905 1135 omnium
919 1099 1033 1147 gravissimo

178 1171 310 1209 controversia
325 1167 404 1208 taudem
418 1168 518 1208 omiteuda
533 1174 568 1209 est.

593 1746 618 1785 Il.

303 1866 345 1915 De
361 1863 542 1915 auctoritate
558 1863 713 1923 „Doctoris
730 1864 904 1916 Ecclesiae“.

227 2060 305 2100 Nomen
315 2058 423 2098 Doctorum
433 2057 533 2098 Ecclesiae
544 2057 569 2097 de
578 2059 599 2095 iis
609 2057 734 2108 scriptoribus
750 2058 883 2098 ecclesiasticis
897 2059 1029 2111 usurpamus1)

174 2148 224 2187 quos
239 2133 326 2174 Ecclesia
342 2140 424 2184 propter
437 2135 557 2183 praecipuam
572 2145 638 2171 eorum
653 2135 752 2172 scientiam
767 2139 787 2172 et
795 2135 918 2173 sanctitatem
930 2136 1029 2184 expressis

173 2211 238 2250 uerbis
246 2209 342 2249 Doctores
350 2210 487 2260 pronuntiauit.
508 2206 621 2258 Requiritur
628 2220 685 2258 ergo:
701 2209 718 2259 r)
728 2207 835 2247 doctrina
845 2209 914 2248 ortod
921 2222 966 2248 oxa
976 2211 1029 2248 emi-

173 2298 231 2325 nens
242 2287 261 2335 2)
271 2285 498 2335 insignissanctitas
507 2285 574 2322 uitae
585 2282 604 2334 3}
613 2283 763 2333 approbatio
773 2296 908 2334 expressa—
917 2283 1028 2323 Auctoritas

173 2373 247 2408 eorum,
262 2361 310 2398 sicut
324 2366 344 2398 et
357 2364 468 2398 sanctorum
483 2357 566 2406 Panum,
589 2371 626 2397 uon
640 2364 670 2397 est
684 2358 778 2405 absoluta,
799 2358 834 2397 scd
849 2364 916 2398 tamen
930 2364 987 2406 tanta,
1007 2364 1028 2397 ut
1072 2407 1074 2411 Α

172 2448 230 2475 nemo
245 2437 285 2474 sine
300 2436 416 2486 grauissimis
431 2434 536 2472 rationibus
554 2439 574 2472 et
587 2434 706 2484 argumentis
728 2445 794 2472 eorum
817 2433 924 2472 doctrinam
947 2435 1028 2482 rejicere

172 2511 249 2559 debeat,
265 2512 379 2561 praesertim
394 2522 455 2560 quum
470 2508 541 2560 aliquid
557 2514 670 2559 proponunt
684 2521 722 2547 non
738 2515 759 2547 ut
773 2509 868 2559 privatam
890 2520 944 2547 suam
967 2509 1027 2559 opini-

171 2599 236 2632 onem,
251 2584 286 2624 sed
301 2591 321 2623 ut
336 2584 443 2623 doctrinam
452 2583 559 2623 Ecclesiae.
588 2582 713 2634 Singulorum
723 2590 788 2622 autem
803 2583 911 2623 Doctorum
923 2585 1026 2623 auctoritas

172 2674 195 2700 eo
210 2661 273 2709 major
287 2666 316 2698 est
334 2659 349 2709 rl
364 2672 404 2709 quo
419 2659 495 2699 doctior
509 2667 529 2697 et
543 2660 627 2698 sanctior
636 2660 720 2709 quisque
730 2657 774 2705 luit3
789 2658 808 2708 2}
818 2671 858 2710 quo
868 2660 929 2710 magis
939 2659 1026 2699 doctriua

171 2738 265 2787 cujusque
280 2748 291 2773 a
303 2734 391 2785 synodis,
406 2734 494 2782 conciliis,
510 2735 590 2772 summis
600 2732 722 2772 Pontificibus
732 2734 763 2773 &c
772 2732 870 2781 laudatum
886 2734 905 2786 3)
915 2747 954 2785 quo
964 2734 1026 2783 major

171 2823 261 2850 numerus
276 2813 414 2860 episcoporum
431 2816 478 2856 erat,
499 2821 544 2848 cum
561 2808 630 2860 quibus
652 2809 849 2848 communicabantur.
865 2832 890 2837 —
905 2807 925 2847 ln
945 2808 1025 2859 singulis

170 2892 236 2925 autem
250 2885 394 2937 quaestiouibus
409 2891 429 2924 et
446 2884 545 2924 doctrinae
560 2884 660 2934 capitibus,
676 2896 728 2935 quae
742 2884 809 2935 aliquis
824 2883 900 2923 Doctor
914 2883 990 2922 uberius
1005 2888 1025 2922 et

191 2993 197 3015 ἱ
212 2993 302 3023 Secundum
310 2993 322 3031 J.
330 2992 416 3028 Fessler,
427 2992 534 3022 Institutiones
546 2991 648 3030 Patrologiae,
659 2991 684 3021 ed.
692 2990 782 3029 Jungmann
792 2990 803 3027 Ι,
820 2991 877 3030 Oenjp.
891 2991 934 3029 1890,
954 2996 1023 3029 15--572

211 3046 236 3077 De
250 3047 315 3076 notione
327 3049 342 3076 et
352 3045 445 3077 auctoritaie
456 3045 483 3077 SS.
499 3045 567 3077 Parrum,
590 3044 687 3075 Cardinal
704 3044 818 3081 Franzelin¹
834 3045 917 3075 Traclalns
933 3044 954 3074 de
970 3043 1024 3074 divina

212 3099 302 3130 Trarliiione
314 3104 329 3130 et
339 3100 424 3139 Scriptura.
446 3099 507 3130 Romae
516 3099 561 3130 1882.
584 3098 630 3129 Thes.
642 3098 678 3129 XV.
700 3097 1024 3134 Schceben,Handbucbderkatholi-

212 3155 261 3184 schen
277 3153 367 3193 Dogmalilc.
393 3153 471 3193 Freiburg
486 3155 508 3184 im
524 3153 549 3184 Er.
570 3152 609 3193 1873
626 3152 637 3183 L
654 3162 669 3192 p.
689 3160 717 3193 174
735 3162 758 3192 sq.
785 3152 894 3188 Heinrich,
911 3151 1024 3191 Dogmatische

211 3207 302 3247 Theologie.
324 3207 376 3238 blainz
390 3207 490 3249 187o.11.p.
504 3216 533 3239 110
544 3217 567 3248 sq.
