2178 3556
74 227 129 282 1898.
144 225 182 267 No.
198 239 215 267 2.
261 239 290 270 nn
302 239 383 271 enarra
395 240 478 272 cnmsu
489 240 516 271 aa
527 240 556 272 na
568 240 643 272 trenno
655 242 760 276 austrino,
899 228 925 282 69

71 356 159 396 doctrina
173 355 266 396 catholica
281 355 361 404 differat,
375 356 411 397 sed
426 358 470 408 quia
484 357 571 398 doctrina
585 360 625 408 ejus
640 358 745 399 formaliter
758 361 839 410 propius
852 359 925 399 Lnthc-

70 443 137 471 ranam
152 433 218 483 tangit,
229 432 351 483 inquantum
365 438 471 479 asseverat,
483 433 638 482 justificationem
653 447 697 473 esse
711 435 843 473 remissionem
855 447 924 485 pecca-

70 512 134 546 torum
149 519 175 546 ex
189 507 250 558 gratia
264 512 364 557 operante.

123 580 216 621 Pauiatim
231 580 292 622 iactus
308 588 337 621 est
350 581 382 621 ille
396 581 469 622 reditus
484 582 508 622 ad
522 583 622 633 pristinam
637 581 750 622 doctrinam
777 582 865 635 Vestigia
884 586 924 634 ejus

70 656 170 696 doctrinae
185 658 225 707 jam
243 659 262 697 in
280 657 395 709 quibusdam
414 658 465 698 libris
483 659 594 710 symbolicis
612 660 692 699 inveniri
709 665 790 709 possunt
806 659 863 708 juxta
882 672 924 699 sen-

70 732 139 772 tentias
153 734 197 783 puri
210 732 356 781 Lutheranismi,
372 741 491 786 quamquam
505 737 554 775 inter
567 747 588 774 se
603 748 672 785 parum
687 733 825 774 concordant.l
848 734 924 774 Deinde

69 808 158 859 seqnitur
170 807 333 857 Melanchton‚
355 811 394 860 qui,
412 810 500 861 exempli
518 822 581 857 causa,
600 809 707 850 doctrinam
721 808 801 849 Lntheri
815 808 924 849 determini-

69 884 138 923 sticam
154 882 231 923 «Stoica
248 891 268 923 et
284 883 396 924 Manichaea
417 884 510 925 deiirian2
530 891 630 935 nuncupat
651 891 670 924 et
691 886 850 935 cooperationem
871 885 924 925 liberi

69 957 140 997 arbitrii
154 959 173 997 in
187 961 313 999 conversione
332 958 421 1008 admittit,
440 959 570 1007 Osiander,
590 962 624 1011 qui
640 961 713 1011 gratiae
730 959 845 1000 infusionem
860 958 923 1006 docet,

69 1039 89 1071 et
107 1032 166 1084 ionga
184 1040 287 1085 praeterea
305 1047 365 1086 usque
383 1037 402 1074 in
419 1035 471 1074 diem
489 1034 603 1075 hodiernum
620 1037 679 1075 series
697 1035 776 1074 aliorum
791 1036 875 1082 testium,
891 1035 924 1085 qui

69 1114 137 1148 vetera
157 1109 268 1157 instaurant,
290 1109 315 1149 de
335 1122 418 1160 quorum
440 1110 526 1149 doctrina
546 1112 565 1149 in
586 1108 719 1150 dissertatione
740 1116 805 1149 nostra
823 1108 924 1160 praedicta

68 1184 149 1234 egimus

121 1257 242 1298 Reformatio
256 1259 288 1298 iiia
304 1260 383 1299 «tacita»
399 1261 514 1310 praesertim
528 1261 546 1299 in
561 1260 589 1298 his
604 1262 679 1310 punctis
694 1266 785 1311 apparet:

122 1344 139 1396 a)
153 1344 314 1384 Determinismus
332 1343 412 1384 Lutheri
429 1346 488 1396 piane
506 1345 608 1385 derelictus
626 1352 660 1385 est.
688 1345 753 1385 Homo
767 1359 788 1386 se
803 1358 842 1385 non
858 1359 923 1386 «mere

68 1421 158 1470 passive»
178 1421 228 1471 gerit
245 1421 264 1459 in
281 1412 409 1461 conversione
425 1420 461 1461 sed
479 1427 601 1472 cooperatur,
619 1433 738 1472 quamquam
754 1420 848 1472 impulsus
863 1422 923 1472 gratia

68 1496 214 1545 praeveniente,
758 1491 760 1495 ¹

122 1580 142 1633 b]
155 1580 297 1629 Justificationis
316 1594 366 1633 quae
385 1589 427 1621 uest
443 1583 529 1621 remissio
548 1587 694 1633 peccatorum»,
714 1580 797 1620 conditio
816 1583 924 1620 necessaria

69 1663 99 1695 est
120 1658 220 1696 conversio
241 1659 355 1707 peccatoris,
376 1671 428 1709 quae
449 1660 468 1696 in
488 1658 608 1708 poenitentia
625 1656 662 1709 (vei
684 1658 798 1696 contritione
817 1656 887 1709 cordis)
904 1662 924 1696 et

68 1730 108 1772 fide
122 1733 213 1774 consistit.

121 1817 139 1870 c)
153 1817 215 1866 Fides
230 1831 282 1869 quae
296 1817 379 1857 conditio
394 1824 424 1858 est
436 1817 581 1868 justificationis,
597 1830 635 1857 uon
650 1824 680 1856 est
693 1817 742 1856 sicut
753 1816 806 1867 apud
816 1815 924 1856 Lutherum

68 1905 163 1944 organum
177 1899 251 1933 tantum
266 1895 381 1944 receptionis
400 1893 453 1944 qnod
472 1895 609 1932 automaticum
626 1898 703 1943 vocant,
722 1894 762 1931 sine
779 1893 832 1931 omni
849 1893 923 1931 ratione

68 1968 136 2007 morali
150 1968 181 2007 vel
197 1968 259 2008 ethica
274 1991 298 1996 -
313 1969 370 2007 talem
385 1968 446 2008 fidem
459 1981 510 2007 nunc
523 1974 620 2008 mortuam
634 1980 726 2007 vocamus
741 1966 815 2006 —sed
830 1973 860 2006 est
874 1967 922 2007 fides

68 2045 119 2091 viva,
134 2056 185 2093 quae
199 2043 252 2083 velut
266 2045 285 2082 in
299 2044 385 2094 germine
399 2045 499 2082 caritatem
514 2044 572 2082 etita
584 2044 677 2092 justitiam
691 2042 824 2082 inhaerentem
837 2044 923 2082 continet

68 2117 124 2170 (fides
138 2117 232 2171 formata).

122 2203 142 2255 d)
155 2203 200 2244 Hoc
216 2206 275 2245 etiarn
292 2205 328 2244 aiio
347 2211 462 2256 argumento
483 2204 611 2243 demonstrari
631 2209 702 2255 potest.
731 2203 852 2243 Confitemur
866 2206 922 2251 enim,

68 2279 128 2319 fidem
140 2279 278 2329 justificantem
290 2293 327 2330 per
340 2281 399 2318 vitam
414 2280 465 2318 maie
479 2287 573 2319 moratam
588 2280 631 2331 iper
645 2285 748 2330 peccatum
758 2278 846 2331 mortale)
856 2281 922 2318 amitti.

67 2355 96 2394 At
109 2355 148 2394 hoc
161 2367 218 2394 sensu
236 2355 294 2405 piane
311 2360 368 2401 caret,
386 2357 401 2394 si
418 2356 455 2405 ipsi
474 2354 519 2394 fidei
537 2355 589 2394 nulia
606 2357 633 2393 vis
652 2354 729 2394 moralis
747 2356 794 2393 insit.
823 2353 859 2393 Est
876 2366 923 2405 ergo

68 2429 117 2469 fides
131 2431 176 2469 viva
191 2436 223 2469 aut
236 2432 287 2469 inest
301 2432 318 2469 ei
332 2431 359 2469 vis
374 2430 457 2469 moralis.

121 2515 139 2568 e)
153 2515 209 2556 Hanc
227 2514 286 2555 fidem
305 2516 384 2567 adipisci
401 2529 440 2554 non
458 2528 561 2565 possumus
582 2516 617 2554 nisi
632 2515 676 2554 Deo
698 2516 778 2565 gratiam
799 2515 883 2563 primam
903 2515 921 2552 in

68 2589 128 2630 corda
141 2597 268 2641 peccatorum
282 2590 400 2632 infundente.
421 2590 448 2630 Et
457 2593 483 2629 ita
497 2593 557 2642 gratia
572 2589 632 2630 infusa
646 2590 670 2629 ad
683 2589 840 2639 justificationem
854 2601 921 2628 neces-

68 2668 117 2706 saria
132 2673 166 2705 est.

121 2740 224 2781 Praeterea
238 2740 263 2781 de
277 2742 305 2780 his
320 2741 407 2780 omnihus
422 2741 515 2781 lectorem
529 2740 554 2779 ad
571 2739 619 2779 «Die
633 2739 780 2780 Gnadeniehre»
800 2739 920 2791 delegamus.

121 2815 199 2865 Quanta
213 2818 231 2856 in
245 2816 274 2855 his
289 2816 345 2860 rebus
364 2822 410 2867 post
423 2816 530 2855 Lutherum
547 2815 598 2855 facta
615 2818 638 2854 sit
654 2817 786 2863 commutatio
805 2815 873 2854 clarius
888 2829 921 2866 ap-

67 2890 150 2941 parebit,
165 2893 180 2930 si
194 2892 267 2942 aliquot
276 2904 359 2931 canones
369 2891 477 2931 Tridentini
487 2896 553 2930 contra
562 2889 719 2929 reformationem
729 2890 921 2930 consideraverimus.

67 2965 193 3017 Perspicuum
211 2968 262 3006 enim
276 2969 321 3015 erit,*
332 2967 366 3006 hos
380 2978 464 3006 canones
479 2965 549 3005 cadere
563 2967 582 3004 in
596 2964 703 3004 doctrinam
716 2963 801 3012 Lutheri,
817 2964 853 3004 sed
869 2965 921 3004 mdio

67 3040 128 3081 modo
142 3042 161 3080 in
174 3041 282 3082 doctrinam
296 3028 427 3081 Lutheranam
441 3042 500 3081 nostri
513 3041 614 3091 temporis.

88 3192 94 3215 ¹
109 3192 134 3223 De
145 3192 175 3223 hac
187 3202 203 3223 re
214 3193 255 3224 bene
266 3192 336 3231 disputat
347 3190 363 3224 S.
375 3191 396 3221 A.
408 3191 517 3223 Sarensen:
534 3189 707 3230 Reuaerdiggjaretsens
722 3190 810 3229 subiective
821 3189 921 3229 Betingelser.

109 3246 203 3277 Christiania
215 3245 260 3285 1897.

86 3298 93 3321 ἒ
109 3300 170 3339 Corpus
181 3299 308 3330 Reformatorum
319 3298 451 3339 (Bretschueider)
462 3295 489 3334 IX,
501 3296 536 3337 766.
