2178 3556
177 212 204 254 66
492 223 513 254 u.
525 221 717 254 anona-sonnino.
932 209 1034 281 liniq

178 350 198 382 et
212 342 254 381 solo
268 341 313 381 Deo
327 348 429 392 operante,
442 339 567 390 justificatum
581 352 624 381 esse
639 353 704 381 coram
718 339 769 387 Deo,
784 342 828 391 quia
840 340 927 381 Christus
941 353 978 391 pro
992 346 1035 380 toto

177 416 252 457 mundo
266 415 364 457 satisfecit.

234 493 290 533 «Hoc
305 493 355 533 lacto
369 492 387 546 (i.
398 506 414 532 e.
426 499 488 533 morte
502 495 565 532 evicta
579 505 616 543 per
629 492 726 532 Christum
741 491 845 543 mortuum)
860 497 922 530 totns
936 490 1034 530 muudus

178 575 300 620 purgatus
321 575 345 607 et
366 570 480 619 expiatus
502 575 537 607 est
558 567 585 607 al)
606 568 717 607 omnibus
738 567 856 618 peccatis.
884 565 969 606 Sublatis
987 579 1034 606 vero

178 650 262 694 peccato
277 649 297 682 et
311 650 374 682 morte
388 656 424 693 per
438 655 496 681 unum
510 642 562 681 illum
576 642 680 690 hominem,
696 641 761 681 Deus
778 640 836 680 nihil
856 640 921 680 aliud
936 640 1034 681 videret

178 718 282 769 amplius
305 721 324 758 in
346 725 397 758 toto
419 716 514 763 mundo,
536 717 650 767 praesertim
661 716 681 769 (l)
701 718 716 754 si
737 715 832 763 crederet,
854 729 923 768 quam
945 728 1033 755 meram

178 795 354 846 purgationem
368 799 392 832 et
404 794 523 842 justitiam
593 790 617 830 Si
636 797 739 842 peccata
757 792 833 830 totius
847 790 929 830 mundi
943 796 997 830 sunt
1011 792 1033 830 in

178 869 222 908 illo
237 881 283 908 uno
298 868 395 907 homine
409 867 463 915 lesu
479 865 583 914 Christo,
598 872 647 905 tum
662 880 706 906 non
721 872 777 906 sunt
791 868 811 905 in
825 865 915 905 mundo.
937 864 958 905 Si
968 872 1032 905 autem

179 958 216 983 non
231 950 275 983 sunt
290 945 307 981 in
322 944 371 993 ipso,
385 948 430 980 sunt
447 941 510 981 adhuc
528 944 547 981 in
565 941 643 980 mundo.
672 940 726 989 Item,
741 943 757 980 si
771 940 857 981 Christus
873 942 914 991 ipse
929 939 990 980 lactus
1003 948 1033 980 est

179 1032 222 1058 reus
237 1019 322 1057 omnium
337 1023 468 1068 peccatorum,
484 1030 535 1068 quae
554 1030 588 1056 nos
606 1029 674 1056 omnes
691 1018 827 1064 commisimus
849 1029 909 1067 ergo
930 1029 972 1055 nos
993 1016 1033 1055 ab·

178 1093 252 1133 soluti
269 1105 350 1131 sumus
368 1092 396 1131 al]
414 1093 523 1131 omnibus
541 1092 686 1142 peccatisn1

231 1167 286 1207 Circa
301 1168 403 1206 essentiam
416 1167 556 1216 justificationis
571 1180 618 1218 ergo
630 1167 727 1207 Lutherus
736 1180 747 1206 a
757 1166 777 1206 S.
788 1166 865 1206 Thoma
875 1166 944 1215 differt,
954 1166 1032 1206 Tlroma

177 1243 250 1282 scilicet
269 1242 352 1281 docente
368 1242 526 1292 justificationem
543 1244 648 1281 consistere
663 1244 714 1281 etin
729 1243 850 1293 reputatione
865 1244 916 1281 etin
931 1243 1032 1281 intrinseca

177 1318 271 1357 infusione
283 1318 374 1367 justitiae,
390 1316 475 1356 Luthero
489 1324 554 1356 autem
573 1323 647 1356 tantum
665 1319 684 1356 in
702 1320 811 1357 extrinseca
830 1319 951 1368 reputatione
969 1331 984 1357 s.
999 1319 1033 1356 im-

178 1395 285 1445 putatione.

230 1468 249 1521 y]
262 1467 295 1508 De
310 1467 420 1506 conditione
435 1466 484 1508 fidei.
509 1466 622 1506 Secundum
637 1467 743 1506 doctrinam
758 1466 783 1506 de
800 1480 868 1506 «servo
882 1467 971 1506 arbitrio»
982 1479 997 1507 s.
1008 1466 1033 1506 de

179 1544 222 1582 Deo
232 1544 274 1582 solo
284 1549 385 1593 operante,
397 1555 416 1580 re
426 1554 472 1580 vera
483 1554 521 1580 non
535 1548 570 1588 est,
585 1554 619 1580 cur
629 1541 654 1581 de
665 1541 804 1591 justificationis
814 1542 954 1581 conditionibus
964 1541 1033 1581 saltem

177 1620 289 1668 subjectiris
303 1617 418 1667 disputetur,
434 1616 458 1655 de
473 1616 507 1655 illis
523 1629 594 1667 nempe
609 1617 679 1667 quibus
693 1617 753 1656 homo
767 1617 791 1655 ad
806 1616 876 1667 aliquid
894 1616 1032 1668 praestandum

178 1695 281 1744 obligatur.

232 1768 381 1807 «promissiones
402 1766 454 1805 Novi
474 1765 596 1806 Testamenti
620 1766 710 1806 nullam
732 1766 805 1806 habent
828 1778 924 1805 annexam
948 1765 1032 1806 condi-

177 1846 274 1889 tionem,
290 1855 355 1893 neque
369 1843 451 1892 exigunt
465 1843 594 1893 quicquam
609 1854 620 1880 a
634 1840 721 1882 nobisn‘2

230 1917 295 1966 Quum
316 1917 424 1956 nihilomius
446 1916 471 1956 de
489 1918 602 1955 contritione
621 1916 684 1956 cordis
703 1924 723 1955 et
740 1918 853 1967 praesertim
873 1916 897 1955 de
914 1916 966 1955 «sola
979 1915 1030 1955 fide»

175 2006 240 2033 sermo
255 1999 285 2032 est
303 1994 358 2044 quasi
375 1991 400 2030 de
417 1992 558 2031 conditionibus
571 1991 717 2041 justificationis,
733 1992 816 2042 pernas
831 1991 974 2042 appellationes
987 1991 1031 2030 nihil

176 2081 249 2118 perse
267 2068 340 2106 bonum
360 2067 507 2118 intelligendum
528 2072 564 2113 est,
581 2066 616 2105 sed
635 2073 709 2106 tantum
728 2064 815 2121 ὄργανον
832 2067 910 2118 aliquod
929 2066 1030 2121 ληπτικόν,

176 2144 253 2182 homine
268 2155 289 2181 se
306 2155 360 2181 mere
378 2144 454 2191 passive
472 2149 558 2193 gerente.
586 2141 636 2181 Tale
652 2155 745 2193 organum
760 2149 790 2181 est
804 2144 918 2193 praesertim
932 2142 963 2180 illa
976 2141 1030 2188 fides,

175 2231 214 2270 qua
231 2217 294 2256 «sola»
311 2219 380 2267 irnpius
392 2218 455 2265 justus
470 2219 612 2267 pronunciatur,
628 2230 666 2256 non
681 2223 745 2256 autem
764 2217 796 2256 illa
814 2216 862 2256 fides
881 2216 968 2265 lormata,
986 2218 1031 2255 vina

175 2294 205 2331 rel
221 2292 292 2339 uivida,
308 2305 346 2343 qua
357 2293 421 2341 justus
436 2292 527 2331 redditur,
556 2291 621 2331 lllanet
635 2294 685 2331 intus
699 2294 769 2343 impius
784 2292 844 2342 qualis
859 2298 921 2331 antea.

228 2367 375 2406 Distinctionem
397 2366 460 2406 adhuc
480 2367 553 2418 ubique
574 2368 662 2406 usitatam
682 2374 701 2406 et
718 2368 742 2406 ab
761 2368 849 2406 omnibus
865 2372 965 2418 receptam
980 2370 1030 2407 inter

174 2442 234 2481 iidem
248 2444 314 2481 tunm
328 2448 347 2481 et
362 2448 457 2480 mortuam
473 2442 568 2481 Lutherus
583 2455 620 2481 non
636 2441 724 2490 admittit,
740 2442 774 2482 sed
790 2442 869 2482 damnat
883 2443 937 2494 quasi
952 2442 1029 2482 «diabo-

174 2517 261 2557 licarn›=.³
294 2517 381 2555 «Falsum
400 2519 441 2563 erit,
460 2519 475 2555 si
495 2519 538 2568 quis
555 2516 605 2557 dicat
670 2517 735 2565 fidem,
754 2524 848 2568 quatenus
865 2521 971 2566 caritatem,
991 2531 1029 2568 qua

174 2592 273 2640 formetur,
288 2593 411 2641 conjunctam
425 2592 489 2639 habet,
501 2591 641 2641 justificare.»4

229 2667 296 2706 «Haec
315 2666 373 2706 sides
392 2668 517 2717 specialis,
536 2680 575 2718 qua
588 2667 650 2707 credit
664 2670 798 2719 unusquisque
812 2668 847 2707 sibi
860 2669 932 2707 remitti
947 2674 1029 2718 peccata

173 2774 208 2782 ...
222 2742 314 2792 justificat
330 2741 397 2784 nos.›1⁵

225 2817 269 2857 Hac
286 2817 325 2857 fide
345 2817 416 2865 isola»,
434 2830 483 2856 ‹rnon
497 2820 576 2856 caritate
590 2816 673 2856 formata
685 2817 817 2867 justificamur.
844 2816 900 2857 Haec
914 2817 962 2857 fides
975 2819 1028 2868 justi-

139 2902 141 2909 *
172 2893 217 2933 licat
231 2896 272 2932 sine
286 2899 307 2932 et
320 2900 364 2932 ante
379 2892 512 2932 caritatem».5

193 3011 200 3033 ¹
215 3012 257 3050 Opp.
269 3012 295 3042 lat
306 3012 339 3051 Jen.
351 3012 372 3042 IV
384 3011 412 3043 fol,
425 3011 450 3051 76.

194 3064 200 3083 '¹¹
215 3064 293 3095 Luther
304 3065 324 3095 ad
336 3065 387 3096 Galat.
399 3065 426 3107 IV5
439 3073 462 3095 aa,

192 3118 200 3140 ³
213 3118 241 3148 Ad
253 3118 287 3148 Gal.
300 3128 314 3157 3,
328 3128 350 3151 ra.

192 3171 200 3194 4
214 3171 267 3201 Form.
280 3172 328 3203 Conc.
339 3172 354 3204 Si
366 3173 386 3202 D.
397 3172 417 3202 ΙΙΙ
429 3172 492 3211 (ululler
503 3183 518 3211 p,
531 3172 573 3214 620),

191 3226 200 3248 ⁵
213 3225 263 3265 Apol,
274 3225 300 3264 lv,
313 3233 331 3265 45
344 3224 420 3268 (Mulier).

191 3280 199 3302 ⁶
213 3280 240 3311 Ad
253 3280 288 3312 Gal.
300 3288 315 3315 2,
328 3288 350 3321 17.
