2178 3556
56 181 111 236 1898.
126 179 163 220 No.
178 189 195 217 21
245 186 274 218 on
285 184 368 216 cauam
380 178 462 214 enuisti
473 177 501 209 Ετ
513 175 542 208 DE
552 174 748 235 Lr—ssmr—o—Aumrmo.
896 172 909 214 9

459 402 493 443 1v.

153 526 289 576 Canones
307 519 433 572 Concilii
449 514 630 568 Arausicani
647 514 677 564 11
695 517 801 565 contra

347 603 608 669 Semipelagianos

445 724 509 731 -u

102 803 269 855 Semipeiagianos
291 813 365 841 errores
386 805 446 851 atque
466 797 553 837 salubres
574 793 676 834 Ecclesiae
697 793 794 833 doctrinas
809 795 866 843 juxta
883 807 904 833 se

50 882 122 931 positas
145 879 251 917 invenimus
275 878 293 915 in
316 874 455 915 Canonibus
483 870 587 912 Conciiii
609 869 757 908 Arausicani
778 867 798 908 ii
819 875 904 909 contra

49 953 261 1004 Semipeiagianos
276 949 423 1007 confirmatis
438 961 449 987 a
463 945 595 987 Boniiacio
610 943 635 983 H.

101 1027 143 1067 Hos
165 1038 248 1066 canones
273 1024 400 1075 proferamus,
423 1024 476 1073 prius
497 1033 556 1072 quam
577 1021 723 1071 expositionem
744 1017 844 1058 doctrinae
865 1018 904 1057 divi

48 1101 154 1140 Thomae
168 1101 287 1149 incipiemus.

100 1174 164 1214 Tanto
183 1173 250 1212 clarius
270 1171 351 1223 fulgebit
367 1184 413 1210 sana
431 1170 519 1210 doctrina
535 1169 556 1209 S,
575 1169 667 1209 Thomae
686 1168 710 1208 ad
730 1181 817 1207 normam
838 1169 904 1208 ortho-

47 1248 112 1287 doxae
127 1247 171 1287 lidei
185 1253 282 1298 concepta
296 1253 316 1286 et
329 1248 430 1298 exposita,
446 1251 500 1285 tanto
514 1243 633 1284 manifestius
648 1244 752 1295 apparebit
766 1229 902 1295 discrepantia,

46 1322 99 1360 nuilo
123 1322 258 1361 conciliationis
283 1323 387 1361 tentamine
411 1320 522 1368 auferenda,
546 1321 596 1359 inter
619 1320 728 1359 doctrinam
751 1319 902 1359 ecclesiasticam

46 1395 144 1435 definitam
169 1403 188 1434 et
213 1408 358 1447 quemcumque
381 1395 606 1447 Semipeiagianismum3
631 1403 651 1435 et
674 1395 753 1434 tandem
778 1408 816 1434 non
840 1397 902 1433 minus

45 1469 146 1509 evidenter
165 1470 299 1521 intelligemus,
322 1484 380 1522 quam
403 1471 460 1521 piane
481 1470 600 1521 impossibile
621 1473 646 1509 sit
667 1469 692 1517 id,
714 1470 767 1522 quod
787 1483 825 1509 non
841 1472 902 1509 minus

44 1544 128 1583 absurde
142 1557 201 1595 quam
215 1546 286 1594 injuste
300 1545 385 1585 nonnulii
404 1546 456 1597 apud
474 1558 509 1585 nos
524 1548 605 1596 jactant,
627 1545 735 1585 Ecclesiam
755 1545 802 1584 dum
816 1545 902 1595 ampiec-

45 1619 90 1656 titur
104 1618 211 1657 doctrinam
229 1618 249 1660 S.
264 1619 361 1668 Thomae,
379 1621 437 1660 nihilo
452 1623 513 1660 minus
529 1620 634 1660 eteoclem
650 1627 740 1672 ternpore
755 1634 831 1660 errores
845 1622 902 1660 semi-

45 1692 157 1742 pelagianos
172 1694 269 1743 amplecti.

95 1765 227 1814 Econtrario,
247 1769 299 1808 hisce
317 1771 422 1809 canonibus
440 1772 556 1821 praepositis
575 1785 598 1810 ne
613 1773 692 1810 minima
711 1770 791 1823 quidem
806 1771 900 1810 dubitatio

43 1840 160 1891 relinquitur,
182 1844 228 1892 quin
243 1842 366 1883 fortissimum
380 1843 480 1884 Ecclesiae
495 1845 587 1885 adversus
602 1848 744 1898 cujuscumque
758 1846 900 1897 Semipelagia-

42 1905 125 1953 hismum
140 1917 308 1967 propugnaculum
319 1918 377 1957 fuisse
392 1926 412 1958 et
426 1932 468 1959 esse
479 1922 540 1971 ipsam
551 1921 660 1961 doctrinam
669 1920 690 1960 S.
701 1921 793 1961 Thomae
803 1921 828 1960 de
838 1923 899 1972 gratia

42 1988 112 2027 Christi
126 1995 145 2028 et
159 1989 184 2029 de
203 1990 263 2030 libero
284 1992 367 2034 arbitrio.
394 1993 478 2042 Dixeris,
494 2001 554 2034 totam
568 1996 619 2036 hanc
637 1996 744 2036 doctrinam
759 1999 799 2036 divi
812 1999 899 2047 magistri

42 2075 105 2114 usque
119 2062 142 2102 ad
161 2063 245 2104 litteram
263 2065 333 2118 [aeque
351 2080 373 2107 ac
391 2071 454 2119 ipsum
473 2069 620 2123 Arausicanum)
638 2074 737 2122 expressis
755 2073 821 2112 verbis
835 2071 898 2111 Semi-

41 2136 180 2187 peiagianismo
195 2139 297 2180 adversam
312 2155 361 2184 esse.

93 2210 121 2250 Et
133 2210 221 2254 Ecclesia
241 2218 355 2267 magistrum
376 2225 443 2258 secuta
464 2226 499 2260 est.
533 2219 678 2270 Ecanonibus,
700 2234 749 2273 quos
766 2235 826 2274 supra
844 2234 897 2262 com-

40 2288 151 2334 memoravi,
167 2289 200 2338 qui
213 2301 255 2328 rem
269 2296 355 2331 nostram
369 2298 457 2342 tractant,
471 2300 517 2334 sunt
530 2296 559 2335 hi:

95 2359 126 2398 «Si
140 2363 182 2412 quis
196 2375 234 2412 per
245 2366 388 2406 invocationem
402 2368 506 2409 humanam
521 2371 601 2419 gratiam
616 2370 654 2411 Dei
668 2371 714 2411 dicit
728 2385 788 2423 posse
806 2371 895 2419 conierri‚

39 2445 86 2472 uon
104 2440 180 2474 autem
200 2438 274 2488 ipsam
291 2443 392 2490 gratiam
409 2441 494 2492 iacere,
516 2448 684 2486 utinuocetur
698 2460 709 2486 a
723 2448 798 2496 nobis,
819 2454 895 2487 contra-

39 2506 85 2547 dicit
101 2507 176 2560 Jesajae
192 2513 309 2562 prophetae,
327 2516 359 2555 vei
376 2517 476 2567 Apostoio
490 2519 540 2559 idem
556 2520 638 2560 dicenti:
666 2521 758 2561 inventus
773 2535 815 2562 sum
831 2536 842 2562 a
856 2536 895 2563 non

38 2584 175 2633 quaerentibus
189 2599 227 2634 me,
242 2588 307 2638 palam
321 2594 403 2641 apparui
416 2593 452 2641 his,
468 2596 501 2644 qui
515 2608 546 2634 me
561 2609 600 2635 non
614 2597 796 2651 interrogabautil)

93 2657 125 2697 «Si
145 2661 194 2710 quis,
215 2667 236 2712 ut
253 2675 264 2701 a
281 2671 364 2714 peccato
384 2680 497 2718 purgemur,
517 2672 667 2711 voluntatem
688 2679 796 2712 nostram
817 2672 892 2712 Deum

38 2738 176 2781 expectare
191 2737 325 2787 contendit,
341 2753 388 2780 non
402 2748 481 2782 autem
494 2750 520 2783 ut
534 2747 603 2785 etiam
613 2750 713 2799 purgari
726 2749 838 2796 uelimus,
848 2761 893 2798 per

37 2802 120 2845 Sancti
134 2805 241 2858 Spiritus
255 2811 402 2854 infusionem
416 2822 441 2856 et
455 2820 628 2868 operationem
649 2823 671 2861 in
688 2825 760 2863 nobis
776 2823 833 2865 lieri
847 2837 893 2865 con-

36 2876 107 2928 fitetur,
128 2884 199 2922 resistit
215 2886 252 2935 ipsi
268 2885 348 2938 Spiritui
365 2888 439 2930 Sancto
456 2905 494 2943 per
507 2892 635 2935 Salomonem
653 2897 734 2937 dicenti:
762 2899 893 2951 Praeparatur

36 2952 124 2994 voluntas
139 2969 150 2996 a
164 2956 248 3008 domino,
264 2966 284 3000 et
295 2962 396 3013 Apostoio
410 2966 513 3007 salubriter
526 2969 650 3020 praedicanti
678 2971 733 3013 Deus
746 2981 782 3022 est,
797 2978 830 3026 qui
844 2989 892 3029 ope-

35 3030 88 3065 ratur
101 3029 120 3067 in
133 3031 188 3071 nobis
202 3040 222 3072 et
235 3034 287 3075 veile
301 3043 321 3076 et
334 3038 430 3089 perficere
444 3054 481 3091 pro
495 3042 546 3083 bona
560 3045 702 3100 voiuntate.›12)

35 3109 192 3124 “Q—-

56 3149 63 3173 ¹
77 3154 115 3186 Can.
127 3164 140 3195 3.

55 3203 62 3229 ²
77 3207 114 3239 Can.
126 3219 140 3255 4,
