2178 3556
86 169 141 223 1898.
156 169 195 209 No.
210 180 227 208 2.
274 179 303 211 ns
314 179 396 211 onnam
408 177 492 210 oumssr
503 176 531 208 ET
543 175 572 207 us
583 175 659 208 Lissno
671 177 776 211 insinno.
914 171 937 221 19

136 310 154 350 9.
183 295 254 335 Utrum
268 295 305 335 ille
321 296 357 346 qui
368 296 418 348 jam
432 301 544 335 consecutus
562 300 591 333 est
600 294 703 345 gratiam,
717 296 857 348 perseipsum
870 296 938 348 possit

83 372 168 424 operari
181 371 260 419 bonurn,
274 375 293 409 et
305 370 371 409 uitare
381 376 484 421 peccatum
498 370 574 420 absque
587 369 667 408 arixilio
681 369 771 420 gratiae.

139 445 277 497 «Augustinus
293 444 348 485 Sicut
361 444 428 484 oculus
442 446 528 495 corporis
544 443 655 494 plenissime
669 456 732 491 sanus,
747 445 782 482 nisi
796 443 880 485 candore
889 446 936 486 lucis

82 520 166 571 adjutus.
188 534 226 560 non
246 526 313 571 potest
333 531 423 566 cernere;
444 519 471 557 sic
489 525 509 557 et
527 518 586 557 homo
606 517 747 568 perfectissime
764 519 884 569 justificatus,
903 524 936 561 nisi

82 602 162 635 aeterna
176 596 219 636 luce
229 596 315 646 justitiae
330 594 419 634 divinitus
434 593 542 643 adjuvetur,
559 599 611 632 recte
625 606 664 632 non
678 599 745 644 potest
758 594 843 634 viverem

138 669 203 722 «Ergo
217 672 273 710 etiam
289 669 358 709 homo
375 670 421 719 jam
440 668 532 708 habens
551 669 649 720 gratiam
667 667 764 719 indiget
781 668 828 709 alio
843 671 936 712 anxilio

82 748 175 797 gratiae
193 744 221 785 ad
238 745 284 786 hoc
302 744 367 797 quod
382 746 554 786 rectevivatm

138 819 174 860 «Et
189 820 225 860 hoc
238 827 322 871 propter
336 820 384 860 duo:
398 822 462 870 primo
476 825 560 870 propter
574 819 611 858 hoc
625 818 679 870 quod
694 818 745 858 nulla
755 831 786 858 res
796 826 861 860 creata
870 827 936 871 potest

81 897 99 934 in
122 908 260 948 quemcunque
282 895 452 946 actumprodire,
474 895 508 933 nisi
529 896 600 933 virtute
621 895 712 933 motionis
733 894 815 934 divinae.
843 894 936 936 Secundo

81 977 165 1021 propter
178 969 309 1010 conditionem
323 976 383 1009 status
399 969 493 1008 humanae
508 975 598 1017 naturae,
620 982 671 1020 quae
691 968 770 1021 quidem
785 969 830 1009 licet
844 983 881 1022 per
894 984 936 1023 gra-

81 1047 128 1084 tiam
145 1051 223 1084 sanetur
240 1051 334 1096 quantum
353 1045 376 1084 ad
394 1051 486 1092 mentem,
504 1050 592 1083 remanet
610 1050 675 1083 tamen
691 1046 710 1084 in
724 1057 747 1084 ea
762 1048 861 1096 corruptio
876 1052 896 1086 et
909 1047 936 1086 in-

81 1119 139 1160 iectio
160 1126 253 1172 quantum
275 1119 298 1159 ad
320 1132 403 1166 carnem,
425 1132 461 1169 per
482 1132 541 1170 quam
559 1119 617 1158 servit
634 1118 672 1170 legi
690 1122 771 1170 peccati,
791 1127 811 1159 ut
828 1120 897 1161 dicitur
910 1121 935 1162 ad

80 1194 118 1235 Ro.
133 1208 151 1247 7,
168 1206 211 1247 25.»

135 1268 172 1309 «Et
193 1271 236 1309 ideo
258 1282 339 1310 necesse
359 1276 388 1308 est
406 1269 460 1308 nobis
474 1275 495 1308 ut
509 1283 520 1308 a
534 1268 579 1308 Deo
597 1268 702 1320 dirigamur
720 1276 740 1309 et
753 1276 887 1323 protegamur,
902 1274 936 1324 qui

79 1347 144 1385 omnia
158 1347 212 1385 novit
226 1352 246 1385 et
259 1347 324 1384 omnia
338 1343 438 1396 potestnl

135 1498 163 1526 10.
192 1484 263 1524 Utrum
276 1484 335 1523 tonia
350 1484 371 1523 in
382 1485 458 1535 gratia
472 1484 589 1523 constitutus
602 1484 699 1535 indigeat
711 1485 790 1524 auxilio
806 1485 893 1537 gratiae
907 1486 937 1525 ad

73 1561 255 1612 perseuerandum.

134 1645 250 1698 «Postquam
268 1645 337 1698 aliquis
355 1652 384 1685 est
401 1645 515 1695 justificatus
536 1659 573 1696 per
592 1647 680 1696 gratiam,
706 1658 807 1685 necesse
832 1646 903 1686 habet
924 1660 935 1686 a

77 1721 128 1761 Deo
149 1728 234 1772 petere
255 1722 458 1772 perseverantiae
478 1720 575 1767 donum,
596 1729 617 1760 ut
634 1721 708 1761 scilicet
725 1720 934 1761 custodiaturamaio

77 1809 141 1848 usqne
160 1796 184 1836 ad
202 1796 260 1836 finem
280 1797 337 1837 vitae.
364 1795 429 1835 Multis
448 1798 498 1835 enim
516 1795 573 1835 datur
589 1798 656 1847 gratia,
674 1796 744 1847 quibus
763 1809 801 1835 non
820 1796 876 1835 datur
889 1809 934 1848 per-

77 1884 169 1912 severare
183 1874 202 1910 in
215 1873 293 1922 gratia.»

133 1947 272 1998 «Augustinus
294 1946 359 1986 Homo
380 1949 399 1985 in
420 1949 483 1997 primo
500 1953 552 1986 statu
569 1948 645 1997 accepit
662 1945 741 1994 donum,
760 1960 796 1997 per
814 1946 868 1998 quod
889 1960 934 1998 per-

76 2034 168 2061 severare
183 2028 276 2072 posset,
291 2035 330 2061 non
344 2028 408 2061 autern
424 2024 500 2073 accepit
513 2028 535 2060 ut
548 2027 739 2072 perseveraret.»

132 2096 249 2147 «Reparatio
267 2099 341 2148 gratiae
355 2097 425 2136 Christi
444 2097 530 2137 nondum
547 2104 577 2136 est
594 2103 729 2137 consummata
744 2103 839 2148 quantum
853 2096 878 2136 ad
893 2109 933 2136 car-

76 2184 130 2219 nem;
152 2172 206 2224 quod
223 2174 259 2211 erit
277 2174 295 2210 in
313 2174 381 2222 patria,
401 2173 433 2211 ubi
451 2173 510 2212 homo
528 2186 567 2212 non
584 2174 648 2212 solnm
662 2185 790 2222 perseverare
805 2173 882 2222 poterit,
897 2171 932 2211 sed

76 2249 135 2286 etiam
149 2259 232 2298 peccare
246 2260 285 2286 non
301 2246 406 2298 ροῒεῑίῒ.»2

427 2373 582 2411 Corollarium.

128 2460 159 2499 De
174 2467 224 2500 statu
238 2463 365 2512 corruptionis
380 2463 479 2501 hominum
494 2470 515 2502 et
527 2469 671 2513 consequenter
685 2462 710 2501 de
724 2464 841 2502 necessitate
858 2464 932 2513 gratiae

75 2534 146 2574 Christi
160 2536 218 2575 docet
232 2549 279 2587 ergo
294 2535 323 2576 St.
338 2536 436 2578 Thomas:

128 2610 174 2651 Sine
189 2613 249 2662 grau'a
263 2611 322 2650 homo
340 2614 473 2652 veritatem
491 2614 596 2653 salutarem
613 2625 733 2664 cognoscere
748 2626 786 2652 non
802 2618 874 2663 potest.
902 2612 931 2652 in-

75 2683 129 2736 diget
142 2686 214 2726 tumine
228 2689 307 2738 gratiae.

128 2760 174 2801 Sine
189 2764 249 2812 gratia
263 2762 350 2802 homines
364 2763 436 2802 faciunt
450 2763 492 2803 nihi]
509 2764 572 2809 boni,
587 2766 598 2803 i.
614 2778 630 2803 e.
646 2763 689 2803 nihii
704 2764 756 2811 boni,
771 2763 825 2814 quod
839 2765 862 2802 sit
872 2775 931 2813 supra

74 2840 168 2884 naturam,
186 2836 229 2876 licet
247 2837 320 2889 aliquid
337 2839 382 2877 boni
396 2838 449 2890 quod
464 2841 487 2878 sit
505 2839 591 2878 naturale
606 2846 625 2878 et
640 2840 761 2890 particulare,
777 2850 835 2889 agere
849 2840 930 2889 possint,

74 2911 123 2949 sicut
136 2910 238 2951 aedificare
253 2912 329 2959 dumos
344 2913 432 2963 plantare
446 2916 512 2953 vineas
527 2915 603 2966 aliaque
617 2914 735 2964 hujusmodi;
755 2912 809 2964 quod
822 2912 866 2952 nihii
879 2912 930 2953 aliud

74 2991 104 3023 est
125 2999 184 3037 quam
205 2987 259 3039 quod
279 2987 384 3028 Lutherani
405 2991 494 3036 sentiunt,
517 3002 577 3039 quum
598 2988 715 3028 confitentur
734 2988 833 3028 hominem
853 2988 930 3038 lapsum

73 3060 132 3098 etiam
146 3067 203 3101 extra
216 3064 297 3113 gratiam
314 3064 416 3113 «justitiam
430 3064 518 3104 civilem»
533 3069 633 3114 praestare
647 3075 712 3114 posse.

95 3176 101 3199 1
116 3178 156 3211 ibid.
169 3180 204 3214 Art.
215 3180 242 3214 IX.

94 3230 101 3253 2
117 3232 156 3264 ibid.
168 3235 202 3267 hrt.
214 3234 234 3269 X.
