2178 3556
191 179 213 209 12
504 181 524 214 x.
535 179 726 213 moon-sonnino.
948 164 997 205 H-F.
1011 163 1044 205 Kr,

188 305 223 346 est,
245 298 313 349 possit,
335 299 370 337 nisi
391 299 451 350 gratia
469 311 513 338 eum
532 306 552 339 et
570 297 701 338 misericordia
714 297 779 338 divina
794 296 957 350 praevenerit.
985 293 1044 334 Unde

188 372 239 413 Abel
253 375 311 424 justo,
333 379 353 414 et
367 373 412 414 Noe
427 381 446 413 et
460 373 560 413 Abraham
576 379 595 413 et
608 372 662 413 isaac
680 380 700 413 et
719 373 786 422 Jacob,
808 379 828 412 et
848 373 899 412 omni
920 372 1044 422 antiquorum

187 455 298 488 sanctorum
319 449 436 488 multitudini
457 448 509 488 iilam
530 448 650 500 praeclaram
672 449 737 495 iidem,
759 461 819 499 quam
840 449 857 487 in
878 448 964 497 ipsorum
986 443 1043 484 laude

188 523 289 573 praedicat
302 523 412 575 Apostolus
431 524 505 571 Paulus,
527 537 572 564 non
588 537 629 575 per
643 525 725 563 bonum
747 529 854 570 naturae,
876 520 929 572 quod
952 522 1004 571 prius
1025 521 1044 559 in

186 598 254 639 Adam
275 598 342 638 datum
363 598 431 647 luerat,
453 598 488 638 sed
509 612 554 649 per
568 600 673 650 gratiam
695 598 738 638 Dei
759 597 856 637 credimus
871 595 929 635 luisse
943 595 1043 636 collatam:

186 685 246 724 quarn
261 675 341 725 gratiam
357 676 415 714 etiam
430 680 475 724 post
489 672 594 713 adventurn
613 672 691 712 Domini
709 672 805 720 omnibus,
826 674 860 724 qui
879 671 973 723 baptizari
994 671 1044 710 desi-

187 747 262 795 derant,
278 761 322 788 non
343 749 364 788 in
386 749 460 788 libero
481 748 579 788 arbitrio
600 748 695 795 haberi,
717 747 751 787 sed
766 747 837 787 Christi
852 748 939 787 novimus
953 746 1008 786 simul
1023 752 1043 785 et

187 823 284 862 crediruus
298 823 387 875 largitate
405 822 515 870 conferri,
537 822 643 863 secundum
657 823 714 862 illud:
735 846 761 852 -
775 846 800 851 --
815 822 875 870 Deus
897 823 930 874 qui
944 823 1011 872 coepit
1025 822 1043 860 in

186 899 242 938 uobis
256 898 329 938 bonum
344 911 401 949 opus,
422 897 510 950 perficiet
531 911 593 949 usque
614 899 632 937 in
655 898 707 938 diem
721 898 799 938 Domini
821 899 880 937 nostri
900 897 945 946 Jesu
966 896 1042 937 Christi.

186 971 213 1012 Et
227 972 282 1012 illud:
309 972 376 1012 Gratia
389 973 437 1012 salvi
451 972 495 1013 sacti
510 976 556 1013 estis
571 986 607 1024 per
620 973 686 1021 fidem,
709 979 729 1013 et
749 974 787 1013 hoc
806 986 845 1013 non
864 985 890 1012 ex
908 973 974 1012 vobis:
1005 971 1042 1011 Dei

187 1050 237 1087 enim
253 1047 326 1087 donum
341 1054 376 1088 est.
404 1047 430 1087 Et
444 1049 497 1099 quod
513 1048 538 1088 de
552 1062 574 1087 se
588 1050 631 1100 ipso
646 1050 672 1088 ait
685 1049 805 1100 Apostolus:
833 1047 983 1088 Misericordiam
998 1060 1043 1087 con-

186 1129 281 1175 sequutus
295 1135 338 1161 sum
353 1129 374 1162 ut
387 1122 449 1163 fidelis
464 1136 533 1165 essem.
561 1123 607 1163 Non
621 1123 676 1171 dixit,
692 1125 750 1175 'quia
765 1124 842 1172 eram',
857 1124 891 1163 sed
906 1125 936 1162 ’ut
949 1123 1041 1164 essem'.

186 1221 212 1227 —
227 1223 251 1228 —-
266 1197 292 1237 Et
305 1197 362 1237 illud:
391 1198 455 1238 Nemo
465 1198 525 1238 hahet
535 1199 643 1251 quidquam
653 1200 705 1248 boni,
716 1200 749 1239 nisi
759 1199 784 1239 illi
794 1199 861 1239 datum
872 1198 927 1239 luerit
937 1198 1040 1250 desuper.»

242 1348 297 1388 »Hoc
310 1350 369 1387 etiam
383 1348 484 1388 salubriter
499 1349 613 1399 profitemur
627 1356 646 1389 et
661 1349 762 1398 credimus,
778 1350 842 1401 quod
857 1350 953 1388 inomni
968 1361 1041 1399 opere

186 1424 248 1463 bono
263 1436 309 1463 non
322 1436 364 1463 nos
379 1425 513 1475 incipimus,
529 1431 551 1463 et
565 1431 652 1475 postea
666 1438 709 1476 per
722 1424 764 1464 Dei
779 1423 963 1464 misericordiam
978 1423 1042 1473 adju-

186 1498 294 1551 vamur1)‚
315 1497 358 1538 sed
380 1500 432 1550 ipse
451 1499 520 1538 nobis
540 1500 611 1538 nullis
628 1500 837 1550 praecedentibus
856 1500 925 1538 bonis
943 1500 1041 1537 meritis

186 1579 209 1612 et
224 1573 297 1613 iidem
311 1581 336 1613 et
350 1586 451 1613 amorem
466 1576 501 1613 sui
516 1577 581 1624 prius
596 1573 727 1627 inspirat2)‚
747 1581 801 1614 utet
816 1575 906 1626 baptismi
920 1579 1041 1613 sacramenta

186 1648 270 1688 fideliter
290 1651 416 1700 requiramus,
438 1655 458 1688 et
471 1655 518 1700 post
532 1650 650 1700 baptismum
665 1652 715 1702 (cum
736 1652 795 1702 ipsius
817 1649 919 1703 adiutorio)
939 1662 968 1696 ea,
990 1661 1041 1700 quae

186 1724 221 1762 sibi
235 1730 279 1763 sunt
293 1723 365 1774 placita
382 1724 464 1774 implere
483 1726 586 1775 possimus.
614 1724 672 1764 Unde
690 1725 845 1764 manifestissime
866 1723 985 1764 credendum
1005 1728 1041 1771 est,

186 1799 240 1850 quod
255 1806 275 1838 et
288 1798 336 1838 illius
350 1799 434 1846 latronis,
456 1812 516 1850 quem
533 1799 628 1839 Dominus
649 1800 674 1840 ad
695 1801 779 1852 paradisi
799 1802 882 1851 patriam
903 1800 1003 1839 revocavit
1021 1805 1041 1837 et

186 1874 270 1913 Cornelii
283 1876 405 1922 centurionis
423 1874 447 1913 ad
462 1887 522 1925 quem
536 1876 616 1926 angelus
631 1876 710 1915 Domini
723 1878 791 1915 missus
806 1881 842 1922 est,
863 1881 883 1913 et
897 1874 986 1921 Zachaei,
1008 1875 1041 1925 qui

185 1952 249 2000 ipsum
264 1949 370 1989 Dominum
384 1951 484 2000 suscipere
500 1952 576 1997 meruit,
598 1950 629 1990 illa
646 1958 686 1990 tam
705 1950 820 1990 admirabilis
840 1950 889 1990 fides
905 1963 944 1989 non
961 1948 997 1988 fuit
1015 1947 1040 1988 de

184 2030 258 2072 natura,
273 2023 308 2064 sed
323 2024 400 2064 diuinae
414 2024 506 2076 largitatis
521 2024 634 2080 donumut)

600 2517 623 2559 V.

208 2633 353 2684 Doctrina
371 2634 397 2684 S.
415 2634 545 2684 Thomae
562 2635 719 2698 Aquinatis
736 2635 771 2684 de
789 2634 886 2697 gratia
904 2633 1016 2685 Christi

443 2723 472 2770 et
489 2720 524 2795 de
540 2720 635 2771 libero
651 2720 786 2770 arbitrio.

238 2912 259 2952 ln
273 2913 330 2952 rebus
346 2913 470 2964 explorandis
488 2915 574 2953 maxime
591 2913 643 2952 illum
662 2913 749 2953 ordinem
769 2926 881 2965 sequemur,
903 2915 936 2966 qui
952 2914 976 2953 ab
996 2916 1039 2965 ipso

183 2988 278 3039 Magistro
292 2988 407 3027 constitutus
422 2994 456 3029 est.

205 3115 212 3138 ²
226 3116 314 3147 Praesertim
324 3117 341 3148 in
353 3118 377 3147 his
388 3118 441 3148 verbis
451 3118 520 3156 genuina
532 3118 604 3149 doctrina
620 3118 781 3157 Semipelagianorum
792 3118 882 3148 continetur
893 3121 908 3148 ei
919 3119 1038 3149 condemnatur.

202 3168 210 3192 2
224 3170 316 3201 Praesertim
326 3171 344 3202 iu
355 3171 378 3202 his
389 3171 442 3207 verbis
453 3171 525 3209 doctrina
536 3172 641 3208 ecclesiastica
652 3171 768 3211 antipelagiana
779 3172 869 3204 continetur
881 3175 896 3201 et
907 3170 988 3204 definitur.

204 3222 212 3255 d
227 3224 264 3266 Can.
277 3230 296 3264 25
