2178 3556
59 245 113 298 1898¹
129 243 166 285 No.
182 256 199 285 2.
254 257 282 290 ou
294 259 376 290 onnam
388 259 471 291 canisii
483 259 511 290 ET
523 258 551 289 ou
563 258 638 289 tiranno
651 257 756 289 nnaismo.
885 255 910 296 59

109 384 126 412 2.
153 372 278 415 Relationem
299 376 340 425 ejus
361 375 386 415 ad
406 376 515 416 doctrinam
531 377 632 428 sequentis
654 376 754 426 temporis,
779 374 910 414 ecclesiastice

56 447 162 496 definitam,
177 455 198 487 ut
212 461 359 501 cognoscamus,
374 450 548 490 Tridentinum
562 452 658 501 imprimis
673 448 835 490 considerandum
848 455 883 489 est.

109 524 127 572 al
140 521 166 562 Et
180 524 212 564 hic
225 525 336 576 apparebit,
351 525 459 566 doctrinam
473 525 609 565 Tridentinam
627 539 666 565 non
684 524 823 576 degeneratam
842 537 885 563 esse
899 538 910 564 a

55 597 142 637 doctriua
156 597 185 639 St.
200 599 290 640 Thomae
309 601 388 651 puriori,
407 600 443 641 sed
462 602 527 652 potius
546 601 603 652 quasi
621 600 663 650 ejus
677 598 829 650 explicationem
844 599 910 638 existi-

55 672 145 712 mandam
160 686 209 714 esse

110 746 163 787 «Etsi
177 748 209 788 ille
223 750 245 802 (J.
255 749 308 802 Chr.)
322 764 359 801 pro
373 752 462 791 omnibus
476 757 562 791 mortuus
578 750 627 799 est,¹
641 763 680 790 non
690 762 758 789 omnes
769 755 834 788 tamen
844 751 910 789 mortis

54 824 95 873 ejus
110 822 226 863 beneficium
241 825 371 876 recipiunt3
386 826 420 866 sed
431 827 444 866 ii
454 826 555 874 duntaxat,
571 826 656 878 quibus
671 825 779 864 meritum
793 824 910 875 passionis

54 898 107 947 ejus
125 900 352 942 communicatur‚n2

109 972 215 1014 «Homines
230 976 265 1014 nisi
279 975 299 1014 in
309 975 387 1016 Christo
400 982 553 1023 renascerentur,
569 989 667 1027 nunquam
678 975 835 1026 justificarentur,
849 987 909 1026 quum

53 1048 77 1087 eal
90 1050 212 1088 renascentia
221 1063 258 1100 per
271 1051 385 1090 meritum
400 1052 525 1102 passionis
540 1052 581 1101 ejus
596 1052 683 1103 gratia,
699 1064 745 1102 qua
761 1051 822 1100 justi
840 1049 909 1097 liunt,

52 1122 89 1162 illis
104 1123 230 1163 tribuatur.»³

106 1198 137 1238 De
150 1201 268 1240 necessitate
281 1202 437 1252 praeparationis
451 1200 529 1241 dicitur:

108 1273 210 1314 «Declarat
224 1274 332 1328 (synodus),
354 1277 415 1327 ipsius
433 1276 577 1326 justificationis
598 1276 700 1316 exordium
720 1277 740 1316 in
759 1276 829 1315 adultis
846 1275 909 1315 aDei

52 1361 88 1399 per
102 1348 167 1397 Jesum
182 1350 280 1390 Christum
295 1353 479 1401 praeveniente
493 1353 570 1404 gratia
584 1352 700 1392 sumendum
714 1365 767 1392 esse:
783 1351 820 1391 hoc
833 1357 869 1399 est,
884 1352 908 1391 ab

52 1425 94 1474 ejus
109 1426 218 1474 vocatione,
233 1439 277 1478 qua,
293 1426 370 1465 nullis
388 1440 469 1467 eorum
491 1428 663 1467 existentibus
683 1428 788 1475 mentis,
808 1433 908 1477 vocantur,

52 1505 78 1547 ut
94 1501 128 1551 qui
142 1513 178 1551 per
191 1508 274 1551 peccata
288 1514 299 1540 a
313 1501 358 1541 Deo
376 1504 439 1541 aversi
458 1510 517 1551 erant,
535 1517 572 1554 per
590 1505 631 1554 ejus
646 1504 767 1543 excitantem
782 1508 840 1553 atque
855 1502 909 1553 adju-

51 1581 131 1614 vantem
145 1576 228 1626 gratiam
242 1576 266 1615 ad
286 1578 479 1617 convertendum
498 1591 522 1618 se
536 1578 561 1617 ad
575 1591 630 1618 suam
644 1579 732 1629 ipsorum
744 1577 908 1628 justificationem,

51 1649 117 1690 eidem
132 1652 205 1701 gratiae
219 1651 280 1691 libere
302 1653 426 1693 assentiendo
441 1661 461 1693 et
478 1654 610 1706 cooperando,
628 1654 757 1706 disponantur
777 1655 809 1701 ita,
829 1661 849 1693 ut
868 1661 909 1693 tan-

51 1731 111 1776 gente
125 1725 168 1765 Deo
183 1738 217 1765 cor
234 1727 317 1766 hominis
336 1741 373 1778 per
386 1728 471 1779 Spiritus
490 1729 556 1769 Sancti
577 1730 744 1777 illuminationem,
765 1742 830 1780 neque
848 1729 908 1768 homo

50 1801 94 1851 ipse
110 1801 167 1839 nihil
182 1803 262 1841 omnino
276 1809 327 1853 agat,
342 1803 489 1854 inspirationem
504 1804 555 1843 illam
570 1806 704 1855 recipiens,
719 1805 797 1855 quippe
807 1804 841 1855 qui
855 1803 908 1843 illam

51 1881 71 1915 et
89 1876 201 1926 abjicere
223 1884 316 1928 potest,
337 1891 403 1933 neque
417 1884 483 1918 tamen
504 1880 557 1918 sine
571 1881 654 1931 gratia
668 1879 714 1919 Dei
728 1891 864 1918 moverese
879 1877 907 1917 ad

49 1952 171 1999 justitiam
192 1964 258 1991 coram
275 1951 307 1991 illo
325 1952 387 1992 libera
400 1966 434 1992 sua
448 1954 548 1994 voluntate
562 1955 631 2005 possit.
659 1954 717 1994 Unde
732 1956 751 1994 in
765 1955 824 1993 sacris
838 1953 907 1992 litteris

50 2039 112 2077 quum
126 2026 219 2065 diciturz4
234 2027 382 2067 'Convertimini
395 2028 419 2068 ad
433 2042 472 2077 me,
487 2036 507 2069 et
521 2042 559 2080 ego
573 2036 676 2069 convertar
690 2029 714 2068 ad
724 2031 773 2077 vos’,
788 2029 906 2068 libertatis

50 2107 128 2140 nostrae
143 2101 279 2149 admonemur;
298 2115 359 2153 quum
373 2103 539 2154 respondemus:5
560 2104 665 2144 ’Converte
679 2118 719 2151 nos,
735 2104 826 2154 Domine,
841 2103 866 2143 ad
881 2110 907 2152 te,

50 2182 70 2215 et
85 2178 234 2226 convertemur'‚
249 2177 287 2217 Dei
302 2191 344 2217 nos
359 2180 439 2229 gratia
458 2181 604 2230 praeveniri
619 2178 767 2222 confitemur»6

103 2251 134 2291 De
147 2251 208 2291 modo
222 2254 378 2304 praeparationis
392 2254 469 2294 dicitur:

106 2326 253 2377 «Disponuntur
266 2333 332 2367 autem
347 2328 371 2368 ad
386 2329 449 2380 ipsam
462 2330 562 2379 justitiam,
578 2329 624 2368 dum
639 2331 720 2370 excitati
736 2329 801 2369 divina
815 2329 877 2379 gratia
889 2334 910 2367 et

50 2400 120 2451 adjuti,
144 2400 220 2441 iidem
244 2416 274 2442 ex
296 2403 383 2442 auditu
406 2404 608 2455 concipientes?
629 2405 711 2444 libere
729 2410 862 2444 moventur
885 2404 909 2442 in

50 2475 133 2524 Deum,
154 2477 257 2517 credentes
278 2491 325 2517 vera
347 2492 396 2527 esse,
418 2492 469 2530 quae
491 2479 583 2518 divinitus
605 2480 692 2519 revelata
710 2485 730 2518 et
747 2480 844 2530 promissa
858 2484 908 2526 sunt,

50 2556 111 2602 atque
129 2551 175 2590 illud
193 2553 214 2591 in
229 2553 303 2603 primis
319 2566 330 2592 a
344 2553 388 2593 Deo
407 2554 508 2603 justificari
525 2555 607 2605 impium
626 2568 663 2605 per
683 2555 787 2605 gratiam
807 2555 855 2603 ejus,
872 2566 909 2603 per

50 2625 255 2677 redemptionem,
270 2641 321 2679 quae
340 2635 370 2667 est
386 2629 406 2668 in
420 2629 498 2668 Christo
512 2628 578 2678 Jesu,8
599 2636 624 2677 et,
644 2629 690 2668 dum
704 2636 821 2680 peccatores
886 2641 908 2668 se

50 2702 223 2742 convertendo
244 2704 264 2742 in
283 2715 341 2753 spem
363 2704 469 2755 eriguntur,
493 2703 607 2744 fidentes
627 2704 706 2743 Deum
727 2704 778 2743 sibi
801 2709 909 2754 propter

50 2774 173 2815 Christum
196 2778 337 2829 propitium
362 2777 423 2826 lore,
452 2778 546 2830 illumque
574 2785 668 2831 tanquam
691 2779 768 2818 omnis
790 2779 907 2828 justitiae

70 2936 76 2958 1
92 2938 105 2968 ll
117 2939 151 2969 Cor,
164 2946 178 2979 5Υ
191 2946 215 2979 15,

69 2989 76 3012 2
92 2992 164 3023 Canones
175 2996 191 3023 et
202 2993 265 3023 decreta
277 2992 325 3024 Cone.
338 2992 425 3024 Tridentini
436 2993 476 3025 Sess.
489 2991 516 3028 Vt,
528 2992 565 3031 Cap⁴
579 3001 593 3031 3.

69 3043 77 3066 θ
92 3046 141 3078 Cone.
152 3046 195 3080 Trid.
207 3046 249 3079 Sessr
261 3045 287 3082 Vl,
300 3046 338 3085 Cap.
350 3055 364 3085 3.

69 3097 77 3120 4
92 3091 139 3133 Zach.
151 3108 165 3138 1,
177 3109 191 3139 3.

69 3150 77 3173 ⁵
91 3152 122 3191 Jer.
133 3152 191 3184 Thren.
204 3161 219 3193 5,
230 3162 256 3185 21.

69 3202 76 3226 θ
92 3205 109 3235 c.
120 3205 164 3238 ann.
175 3205 215 3237 nra.
228 3206 265 3246 cap.
277 3211 291 3245 5-

70 3255 76 3279 ⁷
90 3258 137 3289 Rom.
150 3267 173 3295 ro,
187 3267 211 3300 ¹7-

69 3308 77 3332 ⁸
91 3311 137 3345 Rom.
148 3321 162 3352 3,
174 3321 200 3353 24.
