2178 3556
77 206 134 260 1898.
149 205 186 247 No.
201 217 219 248 2.
261 217 290 248 nu
305 218 388 250 ennam
399 218 481 250 csmrsn
493 216 521 249 na
533 216 562 248 uu
574 216 651 249 tiranno
662 216 768 249 nnsmno,
901 213 925 256 23

128 334 207 374 «meses
222 332 352 373 Belenntnisz
370 334 419 373 wird
438 334 490 386 billig
511 347 684 386 angenommen
707 334 751 373 und
773 332 924 383 zugelassen‚

72 413 100 451 sie
114 409 152 462 (die
166 407 295 461 Lutheraner)
312 408 354 447 sind
372 409 422 447 auch
439 407 530 448 desshalb
547 422 570 447 zu
588 408 653 448 loben.
681 407 740 448 Denn
758 407 798 446 also
816 418 869 445 muss
886 405 925 446 und

72 485 107 526 soll
123 486 153 523 ein
167 484 244 524 rechter
254 483 318 523 Christ
332 482 370 522 den
379 482 489 534 Mittelweg
498 482 599 529 wandern,
614 481 658 522 dass
673 495 694 521 er
708 483 743 521 mit
753 481 791 521 den
800 480 925 534 Pelagianern

72 560 111 600 den
129 558 188 598 ireien
202 557 275 598 Willen
293 557 345 598 nicht
363 558 425 598 zuviel
443 557 524 610 zugebe,
543 557 582 597 ihm
599 557 648 597 auch
667 556 721 596 nicht
738 556 808 596 nehme
824 555 861 596 alle
875 556 925 597 Frei-

71 633 146 674 hejt‚‚21

125 708 169 758 Quo
184 707 244 748 modo
258 707 387 748 Lutherani
405 710 561 748 recentiores
576 706 671 759 gradatim
685 706 793 746 doctrinam
807 705 887 746 Lutheri
901 706 925 747 de

72 784 143 823 haere
157 784 262 832 omiserint,
277 783 316 823 aliis
329 785 405 835 scriptis
420 797 532 836 proponere
546 785 610 823 conati
623 781 706 823 sumus?

125 857 228 898 Lntherani
242 865 320 899 nostrae
334 861 402 899 aetatis
415 861 433 899 in
447 859 482 900 hac
492 872 513 899 re
523 866 561 899 non
571 859 678 899 Lutherum
692 863 806 910 sequuntur,
816 858 851 896 sed
861 858 925 908 potius

72 940 92 974 et
110 946 157 984 prae
178 935 247 973 ceteris
266 933 286 975 S.
300 934 422 975 Thomam.
450 934 470 975 ln
491 935 529 975 hoc
550 934 649 975 doctrinae
665 935 731 985 capite
753 931 790 972 «de
811 933 925 972 necessitate

71 1010 155 1061 gratiae»
171 1008 283 1049 aDoctore
297 1010 378 1050 Martino
393 1010 417 1050 ad
432 1010 540 1051 Ductorem
554 1009 671 1062 Angelicum
685 1009 806 1049 revertimus.

124 1082 181 1123 Unde
194 1085 240 1124 licet
254 1083 349 1124 affirmare
363 1086 382 1124 in
396 1085 434 1125 hoc
447 1085 528 1126 articulo
541 1097 584 1125 esse
599 1098 721 1125 consensum.

123 1158 165 1199 Hae
186 1161 294 1199 sententiae
312 1173 380 1200 omnes
397 1158 418 1201 S.
436 1160 545 1200 Thomae
566 1173 625 1212 supra
643 1161 719 1208 citatae,
745 1158 791 1212 quid
809 1166 855 1199 sunt
873 1158 924 1198 aliud

71 1248 130 1287 quam
144 1233 169 1281 id,

124 1309 190 1359 Quod
205 1309 321 1349 Ecclesia
335 1309 455 1350 docuerat
469 1316 525 1351 ante
539 1309 572 1350 St.
587 1310 718 1350 Thomam?

123 1383 190 1434 Quod
205 1383 316 1425 Ecclesia
330 1385 453 1425 catholica
467 1385 553 1425 docuit
568 1392 591 1426 et
605 1385 676 1426 docet
690 1392 746 1437 post
759 1384 791 1425 St¹
801 1384 925 1424 Thomam?

123 1458 193 1508 Quod
217 1460 279 1510 apud
302 1460 454 1500 Lutheranos
478 1474 601 1501 consensu
629 1462 731 1500 omnium
759 1459 925 1511 theologorum

70 1536 180 1584 positive
200 1535 350 1575 credentium
374 1537 467 1575 nostris
495 1535 583 1576 diebus
606 1535 711 1576 docetur
731 1536 759 1575 de
782 1534 925 1575 conditione

69 1609 172 1649 hominis
185 1615 243 1661 post
257 1611 352 1661 lapsum
367 1617 391 1651 et
405 1610 433 1650 de
447 1613 597 1652 necessitate
611 1612 707 1662 gratiae
721 1609 820 1650 Christi?

426 1860 533 1911 Quaestio
548 1863 567 1901 ll.

258 1964 290 1998 De
302 1963 371 2008 grana
383 1964 488 2009 quantum
501 1965 528 1999 ad
541 1963 591 2008 ejus
603 1964 733 1999 essentiam.

124 2062 138 2090 1.
167 2048 239 2089 Wrurn
251 2051 326 2101 gratia
335 2056 402 2102 ponat
416 2051 500 2102 aliquid
512 2052 534 2090 in
548 2052 625 2091 aniana.

124 2124 218 2164 «Videtur
235 2126 289 2177 quod
308 2128 368 2177 gratia
384 2139 423 2165 non
441 2133 502 2177 ponat
519 2126 590 2178 aliquid
608 2128 627 2165 in
645 2129 714 2166 anima.
747 2125 798 2165 Nam
815 2127 877 2176 gratia
895 2131 924 2165 est

69 2202 177 2240 remissio
199 2207 362 2251 peccatorum.
390 2200 431 2241 Sed
448 2203 535 2241 remissio
553 2208 679 2252 peccatorum
698 2214 736 2240 non
755 2202 810 2252 ponit
828 2202 846 2238 in
861 2202 924 2240 anima

69 2275 149 2326 aliquid,
172 2276 207 2315 sed
231 2276 293 2314 solum
314 2278 332 2315 in
353 2276 397 2315 Deo
419 2289 457 2315 non
478 2279 587 2327 imputante
611 2282 724 2327 peccatum,
747 2274 855 2315 secundum
878 2275 924 2314 illud

69 2348 98 2390 Ps.
114 2363 145 2402 31,
159 2361 179 2389 2:
194 2351 268 2390 Beatus
282 2354 311 2390 vir
325 2353 355 2391 cui
368 2363 417 2390 non
430 2353 566 2403 imputauit
580 2351 675 2391 Dominus
687 2358 797 2403 peccatum.
820 2349 874 2402 Ergo
889 2362 925 2390 nec

68 2425 128 2474 gratia
142 2427 197 2475 ponit
210 2426 282 2478 aliquid
296 2429 315 2465 in
329 2425 425 2465 animan3

123 2499 175 2540 «Sed
189 2507 265 2540 contra:
287 2500 332 2540 Non
348 2501 390 2541 sola
404 2503 491 2541 remissio
505 2509 632 2551 peccatorum
647 2500 670 2540 ad
685 2502 768 2552 gratiam
782 2503 873 2551 pertinet,
888 2500 923 2540 sed

68 2577 126 2614 etiam
140 2576 200 2615 multa
209 2576 245 2615 alia
255 2575 293 2615 Dei
302 2576 358 2615 dona.
382 2574 408 2614 Et
418 2576 462 2615 ideo
477 2579 563 2615 remissio
578 2582 704 2627 peccatorum
719 2589 758 2616 non
771 2575 793 2615 fit
807 2577 848 2615 sine
858 2576 923 2627 aliquo

68 2649 160 2690 effectu
178 2651 268 2690 divinitus
282 2653 301 2690 in
315 2651 369 2690 nobis
384 2657 468 2692 causato.

120 2724 164 2765 Lux
177 2728 233 2777 ponit
247 2725 319 2778 aliquid
333 2728 352 2765 in
365 2726 476 2766 illuminato.
505 2725 546 2765 Sed
561 2727 621 2777 gratia
635 2732 665 2765 est
679 2726 777 2778 quaedam
792 2726 826 2765 lux
840 2727 922 2766 animae.

67 2798 120 2852 Ergo
134 2803 194 2853 gratia
208 2803 264 2852 ponit
278 2801 349 2853 aliquid
363 2803 382 2840 in
396 2803 465 2842 anima.

120 2875 156 2916 Per
169 2877 207 2916 hoc
221 2876 275 2928 quod
289 2877 357 2916 dicitnr
371 2876 430 2915 homo
444 2876 517 2915 habere
528 2875 565 2914 Dei
575 2877 662 2927 gratiam,
676 2875 794 2927 significatur
808 2876 922 2927 quiddam

67 2951 258 3000 supernaturale
271 2954 293 2990 in
307 2952 404 2991 homine
419 2964 429 2989 a
443 2950 487 2990 Deo
502 2949 652 3001 proveniens.»4

68 3026 225 3034 -——-..-.

91 3057 188 3098 ¹Faeius,
202 3058 298 3103 Gesehiehte
309 3059 336 3089 des
346 3057 572 3097 ReiehstagszuAngsburg.
594 3057 689 3096 Lpz‚1830.
712 3058 728 3089 P.
741 3066 779 3098 2593
791 3058 818 3090 cfr.
830 3058 861 3098 248
873 3068 896 3097 sq.

87 3109 94 3132 Ξ
109 3111 144 3142 Den
161 3112 253 3152 Christelige
270 3112 359 3152 Dogmatik
384 3112 430 3142 Tom.
446 3111 494 3144 L-V.
522 3111 625 3142 Christianiae
644 3107 754 3151 isus-1894,
770 3112 841 3151 passim.;
861 3116 876 3142 et
893 3110 922 3143 Die

110 3164 221 3197 Gnadenlehre
232 3166 266 3197 und
277 3166 302 3197 die
314 3166 354 3197 stille
365 3165 478 3197 Reformation.
501 3164 603 3195 Christianiae
617 3164 660 3205 1894,

87 3216 94 3238 ³
110 3216 201 3250 «Summae»
213 3219 260 3252 Tom.
271 3219 289 3255 ΙΙ,
300 3220 330 3260 Qu.
343 3219 376 3256 CX,
387 3218 422 3251 Art.
436 3227 448 3251 1.

88 3269 95 3292 4
109 3271 148 3305 lbid.
