2178 3556
157 197 183 238 80
336 243 338 247 ¹
471 205 491 237 rr.
502 204 694 240 moun-nomime.
909 192 964 235 Hr-F.
978 191 1011 235 m.

156 323 241 365 lunditur
261 337 306 376 per
326 323 418 364 Christi
439 325 567 364 meritum.»
602 324 675 373 «Absit,
697 331 718 365 ut
736 323 854 365 Christianus
871 325 931 365 homo
951 325 969 363 in
990 335 1012 363 se

155 401 199 451 ipso
220 399 250 440 vel
273 398 359 439 confidat
380 398 409 438 vel
428 399 527 450 glorietur,
547 406 567 438 et
583 412 623 440 non
640 401 659 439 in
672 400 763 448 Domino,
781 401 835 450 cujus
854 406 908 440 tanta
922 406 952 440 est
965 411 1012 451 erga

155 488 224 516 omnes
239 475 326 515 homines
341 475 423 522 bonitas,
437 480 458 513 ut
473 486 539 514 eorum
554 475 602 514 velit
611 488 654 515 esse
664 477 738 524 merita,
749 487 799 525 quae
808 481 853 514 sunt
862 475 922 525 ipsius
932 472 1012 514 dona.»l

209 549 260 599 Quid
275 550 310 589 sihi
325 550 372 590 velit
385 548 473 590 Ecclesia
487 549 555 589 talibus
570 549 730 590 declarationibus
745 562 783 589 non
797 549 912 600 intelligunt,
925 550 958 600 qui
968 561 1012 588 eam

154 625 308 676 Semipelagiani
322 626 391 665 erroris
406 630 502 664 accusant
530 623 603 675 Neque
618 637 653 674 pro
667 637 725 664 causa
739 622 941 675 Semipelagianorum
955 625 1012 662 inter-

155 700 232 748 cedere,
254 713 320 752 neque
340 712 391 751 quae
412 699 534 750 protulerunt
554 698 680 750 evangelicae
701 699 815 750 cognitionis
836 700 870 737 viri
891 706 912 737 ut
929 698 1011 747 Bajus,

154 775 288 823 Jansentus,
309 773 466 823 Quesnellus,
488 772 609 812 Lutherus
630 772 722 813 damnare
743 772 804 812 voluit
825 770 912 812 Ecclesia
928 772 1011 812 decretis

154 850 357 901 declarationibusque
380 851 424 896 suis,
443 848 478 888 sed
497 847 551 900 quod
574 848 682 887 habuerunt
705 848 887 888 deterministici
910 853 930 887 et
953 860 1011 899 pan-

155 926 263 965 theistici
282 924 379 964 fermenti

205 999 265 1048 Juxta
282 1000 393 1038 testimonia
410 1000 510 1050 praeclara
528 1011 587 1049 supra
601 1000 658 1038 citata
672 998 697 1038 de
712 999 823 1050 cognitione
837 996 938 1039 Ecclesiae
953 1010 1011 1038 evan-

153 1075 216 1126 gelica
229 1075 296 1114 lectori
311 1076 329 1114 in
343 1076 458 1114 memoriam
472 1086 587 1113 revocamus
601 1074 632 1113 illa
646 1073 726 1114 decreta
740 1074 765 1113 de
775 1073 863 1113 doctrina
872 1071 946 1120 Βειίἰ,2
959 1085 1011 1124 quae

154 1148 260 1189 admodum
274 1151 381 1201 perspicue
395 1150 480 1189 eundem
494 1162 573 1189 sensum
588 1155 687 1192 testantur.

205 1223 232 1264 Et
246 1225 282 1264 alia
296 1237 377 1277 quoque
391 1223 476 1264 decreta.
500 1224 529 1264 lta
538 1227 649 1265 constitutio
663 1225 694 1264 illa
709 1223 815 1264 admodum
829 1225 899 1274 injuste
912 1222 1010 1271 infamata,

153 1300 205 1339 hulla
219 1300 356 1339 Clementis
370 1297 398 1338 >d
414 1298 552 1351 «Unigenitus»
569 1299 658 1340 vocata,3
686 1299 809 1351 Quicumque
824 1299 896 1340 infestis
910 1299 969 1339 oculis
979 1298 1011 1338 hic

153 1375 197 1414 nihil
219 1374 269 1414 aliud
290 1373 351 1421 videt,
372 1387 432 1425 quam
453 1380 532 1425 turpem
553 1374 697 1415 damnationem
720 1376 845 1427 evangelicae
867 1375 965 1415 doctrinae
984 1373 1010 1413 de

152 1452 214 1501 gratia
228 1449 293 1497 libera,
304 1451 421 1489 asententia
435 1456 455 1489 et
469 1450 507 1489 fine
521 1449 596 1489 decreti
610 1463 688 1501 prorsus
698 1452 780 1492 aberrat.
804 1450 928 1502 Quicumque
938 1455 1009 1497 autern,

152 1525 274 1576 opinionibus
295 1525 432 1576 praejudicatis
454 1525 540 1575 abjectis,
562 1524 622 1572 videt,
643 1524 690 1576 quid
706 1524 794 1565 Ecclesia
815 1526 868 1565 hisce
889 1525 971 1565 decretis
988 1537 1009 1563 re

152 1613 199 1640 vera
217 1599 311 1648 intendat,
330 1612 401 1650 nempe
420 1606 442 1638 ut
457 1599 549 1649 judicium
568 1612 653 1651 aequum
670 1612 692 1639 ac
710 1603 840 1641 necessarium
858 1602 970 1651 pronuntiet
984 1598 1009 1638 de

152 1675 248 1714 erroribus
266 1674 419 1714 deterministicis
438 1686 461 1713 ac
478 1674 610 1725 pantheisticis
628 1674 686 1714 valde
701 1677 820 1725 perniciosis,
835 1688 875 1714 rem
890 1687 925 1715 acu
940 1676 1008 1726 tetigit.

204 1749 348 1801 Propositiones
362 1749 463 1788 nonnullas
479 1748 607 1798 Quesnelli
620 1749 651 1789 hic
665 1752 755 1790 citamus:

206 1825 283 1865 «Gratia
296 1830 327 1864 est
340 1826 429 1875 operatio
443 1837 511 1863 manus
525 1826 664 1875 omnipotentis
678 1824 721 1873 Dei,
737 1838 805 1876 quam
819 1825 877 1865 nihil
892 1824 1009 1877 impedire

150 1906 235 1950 potest
252 1905 292 1938 aut
309 1898 471 1940 retardarem

205 1974 301 2024 «Quando
315 1974 370 2014 Deus
391 1974 432 2013 vult
453 1977 536 2014 animam
556 1975 631 2014 salvam
652 1974 722 2023 lacere,
742 1982 762 2016 et
780 1988 824 2015 eam
844 1977 905 2027 tangit
925 1977 1009 2015 interiori

150 2052 223 2102 gratiae
236 2063 283 2089 suae
297 2063 361 2098 manu,
377 2049 440 2089 nulla
454 2050 572 2089 voluntas
587 2049 689 2089 humana
703 2052 724 2090 ei
738 2050 867 2090 resistit»5

205 2125 253 2165 «Dei
267 2126 328 2177 gratia
346 2125 404 2164 nihil
421 2124 484 2163 aliud
502 2130 537 2172 est,
553 2137 613 2175 quam
627 2127 668 2174 ejus
685 2128 840 2177 omnipotens
861 2123 1008 2165 voluntas.»6

204 2200 281 2240 «Gratia
295 2200 340 2248 lesu
355 2200 425 2239 Christi
440 2230 475 2240 ,.,
490 2207 520 2238 est
534 2202 623 2250 operatio
641 2201 776 2240 voluntatis
793 2199 1008 2251 omnipotentis.»⁷

204 2275 270 2315 «Deus
289 2275 385 2314 illuminat
402 2276 487 2314 animam
508 2281 528 2315 et
549 2288 593 2314 eam
614 2281 669 2314 sanat
693 2288 770 2327 aeque
794 2289 820 2316 ac
841 2288 931 2327 corpus
955 2275 1008 2314 sola

149 2364 189 2390 sua
210 2349 374 2390 voluntate.»8

202 2425 257 2465 Haec
271 2431 291 2464 et
305 2425 380 2472 similia,
396 2438 446 2476 quae
463 2425 523 2466 multa
541 2427 670 2472 inveniuntur¹
689 2428 799 2466 necessario
817 2432 872 2466 erant
890 2425 1005 2465 damnanda.

202 2501 261 2541 Tales
283 2501 386 2551 opiniones
407 2502 459 2540 enim
481 2500 539 2540 valde
559 2507 619 2553 aptae
640 2508 684 2541 sunt
703 2501 729 2541 ad
750 2500 876 2541 fundamenta
892 2501 1006 2540 moralitatis

149 2575 265 2617 subruenda.
294 2575 407 2615 Secundum
422 2576 590 2616 determinismum
605 2578 663 2616 homo
678 2577 760 2617 liberum
775 2576 875 2616 arbitrium
888 2576 919 2615 vel
933 2576 1007 2626 simpli-

150 2654 199 2692 citer
211 2652 235 2691 ad
250 2650 349 2702 agendum
363 2651 475 2691 nonhabet
489 2651 521 2691 vel
536 2659 589 2691 certe
603 2665 642 2692 non
657 2653 680 2691 ad
695 2653 746 2692 hene
756 2651 860 2703 agendum,
872 2663 936 2702 neque
946 2664 1007 2701 opera

171 2781 178 2804 ¹
194 2782 242 2813 Cone.
253 2781 297 2814 Trid.
309 2781 350 2812 Sess.
363 2779 390 2811 VI.
402 2781 439 2819 Cap.
453 2781 477 2812 16.

170 2833 178 2857 2
192 2835 309 2875 Propositiones
327 2843 347 2874 79
363 2834 414 2870 Bait,
431 2834 516 2865 damnatae
531 2844 545 2865 a.
563 2834 578 2865 S.
596 2835 629 2866 Pio
646 2834 661 2865 V
677 2835 723 2865 Bulla
742 2833 774 2865 «Ex
790 2833 865 2863 omnihus
883 2832 1005 2864 afflictionibus»

152 2912 154 2919 ,
194 2898 200 2919 1
214 2889 249 2920 Oct.
263 2888 307 2929 1567.

171 2941 178 2964 θ
192 2943 310 2982 Proposinones
323 2950 351 2972 101
364 2941 443 2972 Paschasii
455 2940 566 2978 Quesnelli
577 2941 660 2972 damnatae
671 2951 680 2971 a
692 2941 795 2972 Clemente
805 2939 829 2971 XI
839 2941 951 2972 constitutione
959 2940 1006 2971 «Uni-

193 2996 263 3035 genitus»
276 2994 290 3025 S.
302 2996 345 3034 Sept.
361 3002 403 3034 1713.

171 3047 179 3072 4
194 3050 240 3088 Prop.
254 3058 277 3081 10.

172 3102 179 3126 ⁵
194 3103 240 3142 Prop.
254 3111 277 3141 13.

172 3154 179 3178 6
193 3155 239 3194 Prop.
253 3163 276 3194 19.

172 3207 179 3232 7
194 3209 240 3248 Prop.
252 3217 278 3240 21.

171 3261 178 3286 ὃ
193 3264 241 3303 Prop.
252 3271 277 3303 25⁴
