2178 3556
505 194 525 228 n.
536 191 727 227 moon-sommo.
804 235 806 242 Α
940 170 996 223 Ηζ-Ε.
1010 178 1044 222 Kl.

245 311 341 352 »Ulterius
362 313 380 351 in
401 318 484 364 utroque
505 318 556 352 statu
578 310 651 363 indiget
670 311 729 352 homo
748 312 821 351 auxilio
835 310 906 360 divino,
928 317 949 350 ut
962 311 987 351 ab
1000 311 1045 363 ipso

191 395 294 428 moveatur
307 387 331 428 ad
345 389 398 428 bene
411 387 515 440 agendum.

244 462 299 503 Mens
320 463 403 503 hominis
423 464 481 503 etiam
502 465 542 503 sani
564 475 601 503 non
622 463 648 502 ita
669 461 728 502 habet
749 461 855 501 dominium
876 463 905 500 sui
922 468 982 511 actus,
998 463 1046 514 quin

191 537 277 590 indigeat
291 539 365 579 moveri
380 538 454 586 aDe0;
469 544 489 578 et
504 538 580 578 multo
594 540 667 589 magis
681 537 787 577 liberum
802 536 928 576 arbitrium
942 537 1045 577 hominis

192 612 279 653 infirmi
294 621 351 664 post
365 620 499 665 peccatum,
521 626 559 663 per
572 611 625 665 quod
639 611 770 662 impeditura
784 613 835 651 bono
849 625 887 662 per
900 614 1046 664 corruptionem

191 694 290 728 naturae.»
365 679 366 682 Ἴ

247 762 322 803 «Etiam
337 776 405 803 verum
426 775 464 802 non
485 767 551 813 potest
571 762 631 801 homo
648 773 769 813 cognoscere
785 764 826 802 sine
845 747 917 802 auxilio
929 762 1003 812 divium
1025 769 1046 802 et

192 846 258 879 tamen
279 839 354 890 magis
375 844 405 877 est
425 844 492 877 natura
512 837 595 876 humana
616 843 708 887 corrupta
725 849 763 888 per
779 842 884 888 peccatum
905 844 999 889 quantum
1020 838 1045 878 ad

193 915 329 966 appetitum
343 913 412 961 boni,
427 925 485 965 qnam
501 918 595 964 quantum
609 911 634 951 ad
648 912 779 963 cognitionem
793 911 864 954 veri.»1

248 987 349 1028 ilnfideles
364 987 443 1040 quidem
458 989 519 1039 gratia
532 993 604 1035 carent,
619 992 707 1027 remanet
725 988 823 1026 tamenin
837 988 865 1026 eis
879 986 958 1040 aliquod
972 988 1046 1028 bonum

193 1070 278 1105 naturae.
306 1062 365 1103 Unde
379 1061 501 1102 manifestum
516 1069 546 1102 est
565 1062 618 1115 quod
636 1061 724 1102 infideles
741 1075 781 1101 non
799 1068 882 1114 possunt
900 1064 978 1114 operari
995 1062 1047 1103 bona

193 1152 255 1191 opera
268 1151 319 1191 quae
333 1144 378 1177 sunt
392 1151 421 1177 ex
434 1139 521 1189 gratia,
542 1137 616 1177 scilicet
634 1149 695 1188 opera
713 1139 819 1186 meritoria;
840 1143 906 1177 tamen
920 1138 972 1178 bona
985 1151 1047 1190 opera

192 1215 217 1254 ad
232 1227 283 1266 quae
297 1211 367 1253 sufficit
380 1213 452 1252 bonum
466 1218 552 1260 naturae,
567 1213 675 1264 aliqualiter
689 1215 765 1263 operari
779 1212 889 1264 possunt»2

244 1288 337 1340 Magister
355 1290 402 1327 citat
422 1289 544 1327 consentiens
565 1288 692 1338 Apostolum,
713 1289 746 1339 qui
761 1287 807 1328 dicit
819 1288 878 1329 Rom.
892 1302 911 1342 9,
928 1289 960 1329 16:
990 1287 1048 1328 «Non

192 1371 223 1405 est
236 1364 325 1412 volentis,
340 1363 413 1403 scilicet
427 1362 483 1409 velle,
498 1375 564 1414 neque
578 1364 677 1410 currentis,
699 1363 771 1402 scilicet
785 1376 869 1411 currere,
889 1363 925 1403 sed
939 1364 1047 1403 miserentis

192 1441 251 1488 Deip
268 1445 288 1479 et
301 1438 330 1478 St.
345 1439 519 1490 Augustinu1n‚
535 1439 568 1490 qui
583 1437 637 1478 dicit:
668 1437 737 1477 «Sine
752 1440 831 1489 gratia
844 1438 934 1478 nullum
949 1424 1047 1489 prorsus

192 1518 246 1555 sive
260 1513 405 1565 cogitando,
419 1515 470 1552 sive
485 1512 591 1552 volendo
605 1519 629 1552 et
643 1513 755 1560 amando,
770 1515 822 1552 sive
837 1514 941 1564 agendo,
957 1512 1049 1554 iaciunt

194 1591 303 1630 homines
317 1587 436 1628 bonum.»8

245 1731 263 1771 3.
296 1716 366 1756 Utrum
383 1717 441 1756 tomo
452 1717 520 1768 possit
535 1716 624 1769 dilz'gere
640 1716 706 1755 Deum
722 1724 785 1768 super
801 1717 871 1756 omnia
888 1731 913 1755 ex
925 1718 975 1757 solis
988 1723 1047 1757 natu-

192 1794 273 1833 ralibus
285 1793 329 1832 sine
338 1791 421 1844 gratia.

247 1868 324 1908 «Homo
334 1869 353 1907 in
363 1875 415 1907 statu
423 1873 524 1906 naturae
534 1868 647 1917 integrae
661 1866 785 1907 dilectionem
799 1870 828 1907 sui
837 1869 897 1918 ipsius
912 1867 1009 1907 referebat
1023 1866 1047 1906 ad

192 1957 279 1984 aurorem
293 1942 330 1983 Dei
344 1945 394 1982 sicut
408 1942 431 1982 ad
445 1942 511 1990 finem,
526 1949 546 1981 et
558 1942 646 1981 similiter
655 1941 778 1982 dilectionem
789 1945 874 1982 omnium
884 1943 964 1982 aliarum
972 1956 1047 1989 rerum;

193 2021 252 2059 etita
265 2018 330 2058 Deum
345 2018 444 2069 deligebat
458 2017 503 2068 plus
518 2030 578 2069 quam
592 2029 613 2056 se
628 2019 692 2067 ipsum
707 2025 726 2056 et
740 2030 800 2069 super
814 2020 884 2057 omnia.
913 2017 954 2057 Sed
963 2019 982 2057 in
996 2025 1049 2057 statu

192 2102 294 2135 naturae
308 2100 442 2144 corruptae
456 2093 516 2132 homo
530 2092 555 2132 ad
570 2092 607 2132 hoc
622 2092 688 2131 deficit
701 2088 809 2132 secundum
823 2095 935 2144 appetitum
944 2093 1048 2133 uoluntatis

193 2170 295 2216 rationalis,
310 2181 371 2220 quae
385 2174 487 2219 propter
504 2169 691 2219 corruptionem
710 2174 811 2207 naturae
829 2171 942 2220 sequitur
961 2169 1048 2208 bonum

193 2247 319 2297 privatum,
334 2245 378 2283 nisi
391 2250 489 2283 sanetur
502 2256 544 2294 per
558 2245 659 2294 gratiam
674 2242 751 2283 Dei.»4

245 2318 310 2371 Ergo:
339 2318 372 2358 «ln
386 2325 437 2357 statu
450 2324 530 2358 naturae
544 2325 648 2369 corruptae
665 2317 762 2369 indiget
775 2318 847 2358 homo
861 2321 934 2358 etiarn
955 2319 983 2358 ad
1004 2319 1049 2358 hoc

193 2395 286 2435 auxilio
301 2396 394 2445 gratiae
408 2399 513 2433 naturam
528 2391 672 2432 sanantis.»5

245 2533 263 2572 4,
292 2522 364 2562 Utrum
385 2522 444 2561 houm
463 2522 508 2561 sine
529 2521 605 2572 gratia
622 2528 664 2572 per
682 2534 721 2560 sua
741 2522 851 2561 naturalia
871 2523 924 2574 legis
939 2528 1048 2575 praecepta

193 2599 277 2650 inplere
285 2599 356 2651 possit.

245 2672 337 2725 Magister
351 2674 397 2713 citat
411 2675 534 2712 consentiens
549 2671 569 2711 S.
583 2672 720 2723 Augustinum,
736 2675 769 2724 qui
779 2673 830 2721 dicit,
848 2674 897 2713 «hoc
910 2675 1009 2725 pertinere
1023 2673 1047 2712 ad

193 2749 282 2789 haeresim
297 2748 494 2800 Pelagianorum,
516 2755 537 2807 ut
551 2747 637 2794 credant,
658 2750 699 2787 sine
712 2750 773 2799 gratia
787 2748 886 2788 hominem
904 2761 963 2800 posse
984 2747 1048 2788 lacere

193 2826 257 2863 omnia
267 2824 331 2863 divina
340 2824 448 2864 mandata.»
477 2822 504 2862 Et
514 2824 551 2863 alio
560 2824 604 2863 loco
618 2823 664 2863 dicit
678 2824 730 2863 idem
744 2823 807 2872 Pater,
823 2825 876 2876 quod
893 2827 956 2864 «sine
970 2826 1048 2876 gratia

192 2899 281 2938 nullum
295 2911 395 2949 prorsus
410 2900 498 2938 bonum
513 2899 622 2938 homines
637 2898 747 2939 iaciunt.»

215 3026 220 3050 ¹
236 3028 275 3060 lbid.
287 3029 303 3058 in
315 3028 351 3062 fine.

213 3080 220 3104 2
236 3082 281 3112 Tom.
292 3081 316 3114 lll.
328 3082 358 3119 Qu.
371 3081 392 3113 X.
404 3082 438 3115 Art,
450 3082 477 3112 lV.

213 3133 220 3157 ³
235 3134 279 3166 Tom.
291 3134 309 3167 ll.
321 3134 352 3172 Qu.
364 3134 404 3167 CIX.
417 3135 450 3166 Art.
462 3136 479 3166 ll.

214 3187 220 3210 ⁴
234 3188 274 3219 lbid.
286 3187 320 3221 Art.
333 3188 357 3223 ΠΙ.

213 3241 220 3266 ⁵
235 3242 276 3277 thid,
