2178 3556
67 192 123 245 1898.
137 190 175 231 No.
192 202 208 231 2.
258 202 286 233 on
298 203 381 235 pamm
393 204 474 235 canisii
488 204 514 236 ar
526 204 555 236 oa
565 204 642 236 cranao
654 206 759 238 nauiraio.
894 207 916 246 71

64 322 139 368 trinam,
154 320 261 360 secundum
276 333 334 372 quam
349 321 380 361 hic
393 323 418 360 sit
431 321 472 361 finis
489 322 572 371 ultimus,
588 323 695 363 secundum
709 337 768 376 quam
783 330 835 363 tota
845 326 918 374 justitia

65 402 130 436 nostra
144 397 162 434 in
176 396 304 446 imputatione
318 393 414 435 duntaxat
424 397 509 446 justitiae
524 398 597 437 alienae
611 400 708 445 consistat,
723 410 762 449 qua
774 399 820 447 justi
841 398 918 438 decla-

65 483 144 511 remur
157 483 168 510 a
182 470 233 519 Deo,
247 470 292 510 licet
306 470 358 510 nullo
372 470 432 511 modo
445 472 491 521 justi
505 474 586 520 simusy
606 479 626 511 et
640 485 679 523 qua
693 479 781 523 tegamur
794 472 848 511 velut
862 474 918 513 uesti-

64 551 138 594 mento,
156 546 193 585 sub
209 559 255 597 quoy
274 547 362 596 quamvis
379 545 488 595 credentes,
507 548 570 597 injusti
585 554 605 586 et
621 548 681 598 «nigri
694 546 748 586 velut
761 548 804 598 ipse
818 546 916 587 diabolus»

63 622 123 660 simus
137 627 157 661 et
171 633 288 662 maneamus.

117 695 222 736 Recentior
242 696 339 749 theologia
361 699 509 749 protestantium
530 698 589 738 talem
611 697 718 737 doctrinam
739 696 765 736 de
783 696 918 746 justificatione

64 773 149 823 requirit,
164 784 272 823 perquam
290 771 476 813 fundamentum
495 776 550 824 poni
568 775 649 824 possit
667 775 733 813 vitae
751 772 854 811 moralis,
886 772 917 812 Au

64 847 115 886 hunc
129 846 188 886 finem
206 846 293 888 doctrina
311 847 391 888 Lutheri
410 850 484 900 privata
501 862 540 888 non
560 856 606 900 apta
625 848 660 888 luit
677 850 716 899 jam
731 854 814 900 propter
828 847 919 888 determi-

63 923 152 971 nismum‚
168 921 238 963 deinde
252 929 334 974 propter
344 923 438 963 theoriam
450 923 552 974 juridicam
562 923 587 963 de
597 925 731 975 imputatione,
742 922 827 974 denique
838 928 919 974 propter

63 996 135 1048 placita
149 996 173 1037 de
188 998 265 1038 homine
279 1011 300 1037 se
317 1011 382 1038 «mere
395 1001 484 1049 passive»
501 1005 582 1051 gerente
596 1001 615 1038 in
629 1001 761 1039 conversione.

116 1071 160 1120 Jure
174 1074 231 1124 igitur
245 1073 320 1113 ethicae
334 1076 413 1113 nomine
427 1074 541 1125 postulatur,
555 1075 604 1114 hanc
614 1073 720 1114 doctrinam
731 1074 795 1114 denuo
806 1075 917 1121 examinari,

63 1148 89 1186 ita
110 1154 180 1195 tamen,
202 1155 223 1187 ut
244 1148 359 1188 doctrina
382 1147 579 1188 fundamentalis
601 1148 630 1188 de
651 1149 729 1189 libera
751 1155 775 1188 et
795 1150 918 1188 immerita

62 1224 140 1274 gratia
150 1222 193 1262 Dei
207 1236 252 1262 non
266 1222 340 1261 solum
355 1235 401 1262 non
415 1225 547 1272 omittatur,
562 1224 603 1263 sed
617 1238 644 1264 ne
657 1224 807 1265 deminuatur
817 1223 916 1275 quidem.

61 1295 89 1336 Et
106 1297 144 1337 hoc
163 1299 207 1348 ipso
228 1299 342 1349 praesertim
361 1297 448 1347 efficitur,
467 1305 488 1337 ut
505 1298 592 1339 doctrina
609 1299 634 1339 de
648 1302 708 1350 gratia
721 1301 828 1339 recentium
843 1298 917 1338 theolo-

63 1384 132 1423 gorum
152 1375 300 1422 protestantium
320 1379 359 1412 tam
377 1373 457 1412 finitima
473 1375 497 1413 sit
511 1373 610 1413 doctrinae
625 1374 645 1413 S.
660 1373 754 1414 Thomae.
782 1373 857 1413 Doctor
871 1374 918 1412 alius

31 1456 32 1459 ’
63 1446 229 1496 antetridentinus‚
251 1448 329 1496 honore,
351 1447 484 1499 dignitateque
503 1451 625 1500 conspicuus,
650 1448 731 1488 fortasse
755 1462 793 1488 non
816 1450 917 1499 reperitur,

62 1524 117 1572 cujus
132 1522 157 1562 de
171 1524 232 1574 gratia
246 1523 332 1563 doctrina
347 1529 387 1563 tam
406 1530 489 1575 cognata
507 1526 531 1563 sit
546 1524 645 1564 doctrinae
664 1525 817 1575 protestantium.
846 1522 918 1574 Neque

62 1599 154 1649 cuiquam
163 1599 202 1638 hoc
211 1601 279 1638 mirum
289 1598 366 1638 videtur
375 1600 411 1638 nisi
422 1601 449 1647 iis,
464 1601 497 1649 qui
511 1601 606 1650 ignorant,
622 1606 694 1650 quanta
708 1601 803 1651 grauitate
812 1597 918 1649 Angelicus

62 1675 192 1724 principatum
207 1676 279 1724 gratiae
293 1673 384 1714 uindicet.
406 1673 472 1721 lmmo,
488 1674 525 1713 loci
539 1674 591 1725 apud
607 1687 652 1713 eum
666 1687 705 1713 non
721 1675 778 1725 pauci
790 1675 918 1723 reperiuntur,

62 1749 95 1788 ubi
109 1749 196 1788 doctrina
211 1750 251 1798 ejus
266 1748 411 1788 determinismo
425 1748 505 1788 finitima
520 1762 563 1789 esse
573 1748 667 1788 uideatur.
689 1747 852 1799 Exspectandum
862 1749 918 1798 igitur

61 1823 102 1871 suit,
117 1822 248 1864 Lutherum
262 1836 284 1863 se
294 1822 314 1863 S.
324 1823 415 1863 Thomae
429 1823 541 1873 adjunxisse
555 1830 574 1863 et
588 1836 634 1863 eum
648 1826 736 1863 citavisse
751 1829 829 1862 testem.
852 1822 917 1872 Quum

62 1913 73 1940 e
95 1901 190 1939 contrario
209 1899 229 1939 S,
248 1899 346 1939 Thomam
367 1906 387 1938 et
409 1898 515 1938 doctrinam
537 1900 578 1949 ejus
599 1899 726 1938 uehementer
747 1897 870 1946 condemnat,
891 1897 917 1945 id,

61 1988 115 2022 sane,
134 1977 203 2013 mirum
220 1974 302 2021 uidetur,
317 1976 376 2013 immo
391 1980 430 2013 tam
449 1975 523 2022 mirum,
543 1980 564 2012 ut
582 1970 639 2018 liehat
656 1973 737 2013 lortasse
755 1986 856 2025 quaerere,
871 1987 917 2012 num

62 2050 83 2091 S.
97 2050 195 2089 Thomam
209 2052 254 2089 satis
269 2051 393 2100 cognoverit?

115 2125 157 2165 Nos
176 2138 221 2164 eum
239 2125 365 2176 cognovimus
384 2131 405 2163 et
423 2137 515 2172 amamus,
533 2127 625 2176 quoniam
642 2127 722 2176 gratiam
737 2123 827 2172 uindicat⁷
842 2123 876 2163 sed
891 2125 918 2163 ita

62 2208 84 2240 ut
97 2202 206 2241 libertatem
221 2214 259 2240 non
273 2200 333 2248 tollat,
349 2207 368 2239 et
383 2200 492 2240 libertatem
506 2199 596 2245 vindicat,
607 2200 641 2239 sed
652 2202 678 2239 ita
688 2205 756 2239 utnon
766 2200 845 2250 gratiam
857 2199 916 2238 tollat.

62 2277 159 2317 Lutherus
173 2290 219 2316 eum
233 2276 375 2317 condemnavit.
404 2276 446 2315 Nos
460 2276 547 2327 theologi
561 2276 617 2325 hujus
631 2278 724 2326 temporis
739 2288 784 2314 eum
795 2273 917 2321 admiramur,

63 2359 83 2392 et
98 2352 123 2391 de
137 2353 198 2403 gratia
212 2354 304 2391 sentimus
319 2363 363 2390 cum
378 2364 407 2398 eo,
423 2363 466 2390 cum
482 2363 506 2390 eo
520 2353 578 2390 etiam
591 2352 602 2389 ii
612 2351 652 2403 (qui
664 2350 755 2401 permulti
765 2348 815 2397 suntl
825 2355 917 2396 nostrum,

63 2428 97 2478 qui
111 2429 199 2466 nesciunt
212 2439 234 2465 se
243 2426 262 2465 id
273 2425 342 2465 lacerer
364 2425 405 2465 Sed
415 2425 502 2465 Thomas
517 2425 543 2465 de
557 2427 618 2476 gratia
631 2427 690 2464 sentit
703 2437 746 2464 cum
756 2424 835 2475 reliquis
844 2426 918 2475 magnis

63 2503 187 2549 scholasticis
209 2514 292 2553 quorum
313 2500 430 2540 orthodoxia
454 2513 493 2539 non
517 2500 574 2539 dubia
599 2502 624 2539 sit
646 2499 712 2552 (unum
733 2501 828 2549 cognoris,
850 2511 918 2537 omnes

62 2578 127 2630 noris),
149 2584 168 2617 et
189 2590 233 2617 cum
253 2576 340 2616 Ecclesia
361 2589 413 2627 quae
434 2581 453 2614 et
473 2581 518 2614 ante
539 2588 583 2614 eum
605 2581 625 2614 et
645 2580 691 2625 post
712 2587 756 2613 eum
777 2573 830 2612 idem
847 2573 917 2612 docuit.

62 2653 163 2694 Hactenus
182 2665 216 2692 nos
234 2665 272 2691 non
286 2653 327 2701 jam
347 2656 501 2701 «protestantes»
521 2663 587 2688 sumus
605 2652 624 2688 in
641 2649 720 2688 articulo
735 2649 760 2687 de
775 2647 918 2697 justificatione,

62 2730 74 2769 i.
89 2742 106 2768 e.
121 2731 140 2768 in
156 2728 247 2768 (articulo
261 2728 327 2766 stantis
342 2732 362 2765 et
376 2725 462 2765 cadentis
476 2724 596 2773 Ecclesiae»,
610 2725 641 2763 uel
657 2726 720 2774 potius
738 2726 756 2762 in
774 2723 859 2770 articulo,
878 2735 918 2773 quo

62 2804 108 2843 olim
123 2805 176 2850 rima,
191 2810 230 2842 tam
244 2802 311 2849 fatalis
326 2807 365 2841 tam
380 2800 455 2840 funesta
468 2799 567 2839 Ecclesiae
581 2799 619 2839 Dei
634 2798 684 2838 lacta
697 2800 735 2838 estl

116 2878 153 2918 Hic
167 2885 197 2919 est
211 2878 291 2918 effectus
308 2876 458 2916 «reformationis
473 2877 554 2915 tacitae»
570 2877 588 2913 in
603 2873 690 2913 doctrina
704 2873 729 2912 de
741 2872 884 2924 justificatione.
