2178 3556
463 228 482 261 n.
494 227 684 263 moon-ronulas,
907 219 955 260 H-F.
969 218 1001 259 Kl.

203 341 286 390 «Gratia,
301 343 432 383 secundum
448 345 514 397 quod
529 353 611 387 causat
628 349 650 387 in
668 349 736 388 nobis
753 351 856 401 primum
875 349 1001 396 ellectum,

147 424 250 457 vocatur
270 421 432 470 praeveniens
454 429 545 472 respectu
565 422 646 463 secundi
667 422 756 473 ellectus;
779 432 799 464 et
819 430 877 475 prout
897 431 964 464 causat
983 425 1002 463 in

149 492 203 531 nobis
219 494 333 543 secundum,
348 502 428 535 vocatur
442 497 594 549 subsequens
612 506 702 550 respectu
716 501 773 550 primi
788 498 885 539 effectus.»

204 567 260 609 «Hoc
278 577 308 609 est
327 571 380 622 quod
394 571 545 623 Augustinus
565 572 633 612 dicit:l
653 574 761 622 Praevenit,
780 581 801 613 ut
816 587 915 622 sanemur;
936 575 1002 614 subse-

148 644 220 694 quitur,
235 651 256 683 ut
268 647 330 684 sanati
344 652 466 697 vegetemur:
486 649 592 697 praevenit,
608 655 629 687 ut
643 662 745 697 vocemur;
766 650 896 701 subsequitur,
912 657 933 689 ut
946 649 1003 701 glori-

146 717 261 758 ficemur.»²

498 858 653 895 Corollarium.

201 956 266 1008 Magni
286 959 380 996 momenti
401 957 456 996 nobis
477 963 521 996 sunt
542 970 577 997 eae
598 959 690 1009 imprimis
707 961 822 1007 sententiae,
838 971 890 1010 quae
911 958 1002 998 Articulis

149 1044 159 1071 2
175 1040 195 1071 et
209 1045 220 1084 3
236 1032 290 1082 hujus
306 1034 422 1084 quaestionis
436 1034 563 1072 continentur.

201 1107 276 1147 Initium
297 1107 362 1147 salutis
383 1113 460 1147 nostrae
479 1108 598 1157 subjectivae
616 1108 722 1149 secundum
741 1109 848 1149 doctrinam
865 1108 894 1150 St.
911 1109 1002 1150 Thomae

147 1195 228 1233 semper
242 1182 262 1222 fit
276 1182 327 1222 Deo
345 1182 395 1222 solo
413 1189 538 1230 movente,
553 1190 636 1234 propter
650 1184 703 1237 quod
717 1186 779 1236 gratia
796 1198 897 1236 operans
912 1192 1001 1233 vocatur3

148 1271 267 1309 quamquam
289 1270 339 1297 anon
357 1259 396 1297 sine
415 1258 481 1297 nobis»
498 1259 537 1299 hoc
549 1260 622 1298 initium
637 1260 664 1309 fit,
678 1260 715 1299 hoc
729 1267 759 1299 est
773 1274 812 1300 non
825 1262 865 1300 sine
879 1267 934 1300 motu
947 1260 1002 1300 liberi

147 1334 219 1373 arbitrii
235 1335 299 1381 nostri,
320 1335 376 1385 «quia
393 1346 429 1384 per
446 1340 522 1373 motum
539 1333 592 1373 liberi
609 1334 680 1374 arbitrii
697 1337 846 1375 consentimus».
878 1335 919 1375 Sed
936 1342 1002 1375 tamen

147 1410 221 1460 gratiae
243 1407 349 1448 ellectus
370 1415 399 1448 est
419 1409 451 1447 ille
472 1415 542 1456 motus,
564 1422 602 1448 non
624 1422 689 1457 causa;
715 1410 789 1450 <tunde
813 1417 864 1450 tota
887 1413 1001 1462 operatio

148 1486 260 1535 pertinet
280 1484 307 1523 ad
329 1486 450 1535 gratiam»,
473 1484 545 1524 scilicet
562 1484 586 1523 ad
604 1486 685 1536 gratiam
699 1484 736 1525 Dei
756 1492 877 1537 operantem,
892 1473 1001 1537 perquam

147 1559 201 1600 Deus
215 1562 264 1599 intus
278 1566 347 1598 movet
360 1565 446 1599 mentem
460 1559 563 1598 humanam
577 1559 601 1599 ad
617 1562 697 1611 gratiam
710 1560 848 1610 justificantem
862 1560 1001 1611 accipiendam.

199 1634 229 1674 Et
243 1637 275 1674 ita
290 1634 442 1684 justificatur
458 1642 576 1686 peccator
590 1635 635 1675 Dei
651 1638 731 1687 gratia
749 1641 873 1686 operante.

199 1710 276 1749 Deinde
293 1711 343 1750 haec
359 1710 445 1750 doctrina
463 1711 488 1750 de
505 1712 599 1762 principio
618 1712 683 1751 salutis
700 1720 778 1751 nostrae
796 1711 916 1761 subjectivae
932 1724 943 1749 a
957 1709 1001 1750 Deo

146 1787 210 1836 primo
224 1792 300 1825 motore
310 1792 402 1833 exeunte,
412 1787 443 1826 vel
457 1787 483 1826 de
492 1789 553 1838 gratia
562 1786 601 1826 Dei
611 1793 705 1838 operante
715 1786 827 1834 affirmatur,
837 1786 884 1825 dum
894 1786 1001 1837 Angelicus

146 1860 230 1900 eandem
237 1863 317 1913 gratiam
332 1864 535 1912 praevenientem
549 1863 647 1913 appellat:
664 1863 746 1910 «Gratia,
759 1861 865 1902 secundum
873 1861 926 1912 quod
935 1866 1001 1901 causat

144 1938 163 1975 in
177 1936 232 1975 nobis
246 1938 331 1987 primum
346 1936 443 1986 ellectum,
458 1945 539 1978 vocatur
552 1941 698 1989 praeveniens.»

197 2011 261 2051 lllotus
276 2025 287 2050 a
301 2012 339 2052 Dei
357 2015 423 2063 gratia,
443 2014 502 2052 homo
519 2026 603 2064 operans
618 2020 648 2052 est
661 2015 680 2052 in
693 2014 749 2052 bouis
763 2013 854 2063 operibus
868 2026 906 2063 per
919 2012 1000 2051 liberum

144 2087 248 2129 arbitrium,
271 2086 371 2138 Operatur
385 2101 431 2139 ergo
446 2089 513 2135 homo,
528 2088 571 2127 Deo
585 2089 626 2139 (vel
640 2088 677 2127 Dei
691 2089 760 2138 gratia)
776 2093 938 2137 cooperante,
953 2100 1000 2125 ntru-

144 2175 204 2214 quam
225 2162 301 2214 absque
322 2163 393 2202 auxilio
414 2164 493 2214 gratiae,
522 2162 548 2202 Et
567 2165 595 2202 sic
615 2163 740 2214 intelligenda
761 2168 805 2201 sunt
826 2162 885 2201 verba
901 2161 999 2212 Angelici:

146 2238 210 2277 «Tota
224 2239 313 2288 operatio
327 2240 412 2288 pertinet
425 2237 450 2277 ad
464 2241 562 2289 gratiam.»

198 2313 325 2364 Quamquam
343 2313 415 2353 multae
434 2320 479 2352 sunt
497 2315 627 2364 quaestiones,
646 2326 697 2365 quae
711 2319 785 2352 restant
798 2314 846 2351 intra
860 2312 896 2350 has
911 2311 999 2351 disserta-

144 2392 206 2429 tiones
221 2388 246 2428 de
261 2388 333 2428 modo
347 2389 402 2439 hujus
417 2391 474 2440 primi
488 2395 587 2428 contactus
602 2390 674 2439 gratiae
689 2401 733 2427 cum
747 2387 808 2426 libero
818 2387 900 2434 arbitrio,
913 2399 1000 2436 praeser-

144 2467 178 2504 tim
197 2464 222 2504 de
237 2477 260 2503 ea
274 2477 301 2512 re,
317 2477 376 2515 quam
390 2463 533 2503 Thomistae
549 2464 716 2514 «praemorionem
731 2463 846 2513 physicam»
863 2461 972 2512 appellant3

198 2552 318 2592 quamquam
334 2539 497 2579 considerationes
512 2538 649 2578 scholarum
665 2540 714 2577 inter
728 2551 749 2577 se
764 2537 822 2576 valde
836 2536 935 2584 differunt;

144 2628 264 2668 quamquam
278 2614 333 2653 locus
347 2615 461 2666 relinquitur
475 2615 568 2653 continuis
582 2613 750 2665 explorationibus
764 2625 787 2652 ac
799 2612 963 2651 dissertationibus
974 2611 999 2651 de

144 2693 172 2731 his
187 2690 333 2743 quaestionibus
347 2690 454 2730 difficilibus
469 2696 488 2729 et
502 2689 588 2729 nondum
603 2688 695 2737 definitis;

197 2765 294 2806 sufficiunt
308 2772 374 2805 tamen
387 2765 412 2804 ad
426 2771 515 2804 nostrum
529 2764 586 2804 finem
602 2776 653 2815 quae
667 2776 726 2814 supra
740 2763 830 2813 exposita
844 2768 894 2801 sunt.

164 2849 166 2856 ⁴
196 2840 309 2893 Tamquam
323 2840 396 2879 radices
412 2842 463 2880 enim
484 2852 542 2878 sanae
560 2838 685 2889 evangelicae
702 2837 802 2876 doctrinae
819 2835 844 2875 de
863 2837 924 2887 gratia
940 2834 999 2874 etde

143 2917 205 2956 libero
219 2916 296 2955 arbitrio
310 2917 409 2955 continent
422 2915 484 2954 verba
497 2913 518 2953 S.
533 2913 629 2953 Thomae.

197 2989 223 3030 Et
236 2991 280 3031 huic
294 2991 418 3042 evangelicae
433 2989 533 3029 doctrinae
547 3000 583 3028 nec
597 2988 685 3027 catholici
706 2987 793 3037 theologi
810 2984 945 3025 contradicunt
963 2996 999 3023 nec

143 3066 251 3107 Lutherani
264 3071 342 3105 nostrae
357 3067 424 3105 aetatis
438 3065 503 3104 adhuc
516 3064 600 3115 positive
614 3062 722 3103 credentes

164 3238 171 3260 1
186 3238 212 3269 De
222 3237 283 3268 Natura
294 3241 310 3268 et
320 3237 379 3273 Gratia,
390 3237 429 3276 Cap.
440 3245 458 3275 31
472 3239 487 3266 et
498 3236 526 3268 lib.
537 3245 546 3266 2
557 3235 577 3265 ad
588 3234 640 3267 Bonis.
652 3244 686 3274 cap.
698 3241 708 3272 9
720 3233 736 3262 in
748 3231 784 3266 fine.

164 3291 172 3317 '2
186 3292 222 3324 Art.
233 3291 257 3331 HI,
269 3299 283 3330 3.
