2178 3556
190 219 213 269 58
506 232 526 263 u.
538 233 729 267 unocu-roumno.
940 223 994 265 H.-F.
1009 224 1041 265 ru.

188 347 317 387 arbitrium
339 362 409 400 posse
430 363 591 403 consurgere,
614 353 661 392 uisi
676 366 728 393 eum
742 354 823 405 gratia
837 353 882 393 Dei
896 354 1041 393 miserantis

187 425 327 465 erexerit»,l

243 499 328 541 «Nemo
352 502 397 540 nisi
421 516 463 553 per
484 502 604 542 Christum
628 504 706 544 libero
730 505 789 544 bene
812 504 891 543 utitur
913 504 1039 543 arbitriou

189 573 244 615 «Nec
258 588 285 615 ex
298 577 335 616 hac
348 577 380 630 (sc.
396 579 569 631 praevaricatione)
584 580 648 629 potuit
662 579 708 626 erui,
723 580 758 618 nisi
774 579 790 619 ei
805 578 930 629 providentia
939 591 1041 629 regenera-

187 651 245 689 tionis
259 658 331 691 statum
346 652 439 703 pristinae
452 652 546 693 libertatis
560 653 632 693 Christi
646 653 726 693 Domini
740 652 865 693 reformasset
879 652 1006 694 adventus.»²

240 725 302 779 Ergo:
317 726 350 766 Ad
359 727 516 778 justificationem
526 727 606 767 liberum
618 727 699 779 quidem
709 728 807 768 arbitrium
818 729 923 780 requiritur
933 734 951 769 et
962 728 1040 769 libertas

187 802 277 842 humana.
306 802 346 842 Sed
361 802 384 842 ad
400 803 459 842 bene
477 801 589 842 utendum
606 803 667 843 libero
682 803 761 843 arbitrio
776 804 880 855 requiritur
893 805 954 856 gratia
968 803 1041 844 Christi

188 877 289 928 pristinam
303 878 412 917 libertatem
425 878 549 919 restituentis.

240 951 284 992 Non
299 952 349 992 aliud
365 953 401 992 hoc
416 959 451 1001 est,
466 966 525 1004 quam
539 953 593 1005 quod
608 954 666 993 etiam
681 952 701 993 S.
716 953 803 993 Thomas
817 953 885 993 docet:
903 952 936 993 nd
947 953 1041 1003 justifica·

186 1029 259 1068 tionem
278 1035 341 1067 motus
361 1027 440 1079 quidem
458 1027 513 1067 liberi
530 1029 603 1068 arbitrii
621 1029 732 1081 requiritur;
754 1028 788 1068 sed
803 1042 842 1068 non
856 1028 879 1068 fit
892 1029 927 1068 nisi
940 1027 984 1068 Deo
999 1042 1040 1068 mo-

185 1110 250 1143 uente.
279 1103 344 1142 Gratia
358 1102 396 1142 Dei
417 1103 546 1153 praeueniens
568 1103 601 1143 dat
622 1117 660 1144 non
680 1104 742 1144 solum
762 1116 819 1155 posse
838 1103 908 1151 iacere,
926 1103 961 1144 sed
980 1104 1039 1143 etiam

184 1191 244 1229 posse
257 1178 314 1219 uelle.

241 1253 323 1293 «Omnia
341 1253 404 1293 studia
424 1261 443 1294 et
461 1256 526 1294 omnia
540 1268 601 1306 opera
616 1269 639 1296 ac
652 1257 721 1296 merita
735 1255 851 1296 Sanctorum
866 1255 891 1294 ad
905 1255 942 1295 Dei
956 1254 1038 1306 gloriam

185 1329 304 1381 laudemque
318 1329 421 1369 reserenda
434 1336 484 1378 sunt,
499 1332 545 1382 quia
559 1344 626 1370 nemo
641 1331 739 1371 aliunde
754 1332 776 1371 ei
791 1332 882 1382 placet,
897 1331 944 1370 nisi
958 1343 988 1369 ex
1003 1343 1038 1377 eo,

185 1404 249 1456 quod
266 1406 321 1456 ipse
336 1405 501 1445 donaverit.»3

240 1479 278 1519 «ita
292 1480 346 1520 Deus
361 1481 380 1519 in
394 1481 484 1520 cordibus
497 1481 598 1521 hominum
613 1488 672 1534 atque
686 1483 706 1521 in
720 1483 764 1533 ipso
778 1482 839 1521 libero
851 1486 944 1532 operatur
953 1481 1038 1529 arbitrio,

183 1560 205 1593 ut
219 1562 285 1595 sancta
300 1556 398 1607 cogitatio,
417 1557 472 1607 pium
490 1557 591 1596 consiliunt
613 1558 741 1609 omnisque
761 1563 839 1596 motus
860 1557 935 1596 bonae
955 1555 1038 1595 uolun-

184 1631 242 1670 tatis
260 1644 291 1670 ex
306 1631 358 1670 Deo
375 1632 413 1679 sit,
431 1632 477 1684 quia
491 1645 527 1682 per
540 1632 594 1671 illum
608 1632 682 1684 aliquid
695 1633 743 1672 boni
758 1645 866 1683 possumus,
881 1633 923 1671 sine
938 1644 976 1683 quo
991 1631 1037 1670 nihil

183 1706 318 1757 possumus.»4

237 1781 294 1821 «Non
308 1782 424 1830 dubitamus,
439 1782 463 1821 ab
481 1783 541 1833 ipsius
559 1784 621 1834 gratia
641 1783 721 1822 omnia
741 1782 842 1822 hominis
861 1782 947 1820 merita
967 1794 1038 1832 prae-

182 1858 272 1904 veniri,
295 1870 332 1907 per
354 1870 413 1908 quem
428 1857 457 1905 fit,
479 1864 500 1896 ut
520 1857 593 1908 aliquid
615 1858 661 1897 boni
682 1864 701 1897 et
723 1857 774 1897 velle
795 1858 910 1907 incipiamus
932 1861 952 1896 et
972 1855 1037 1895 iacere

181 1931 236 1984 (Phil.
252 1943 269 1979 2,
283 1932 317 1985 13).
347 1932 391 1981 Quo
406 1933 474 1985 utique
488 1932 560 1972 auxilio
576 1940 595 1972 et
609 1945 689 1972 munere
699 1932 737 1973 Dei
752 1946 798 1971 non
813 1931 923 1972 aufertur
936 1931 1036 1970 liberum

181 2008 317 2055 arbitrium,
339 2007 380 2047 sed
401 2008 539 2047 liberatur.»
572 2008 648 2048 ‹tTanta
669 2010 720 2048 enim
741 2015 771 2047 est
792 2020 838 2059 erga
858 2019 927 2046 omnes
948 2006 1036 2045 homines

181 2083 257 2122 bonitas
271 2082 315 2131 Dei,
330 2089 351 2121 ut
365 2089 447 2122 nostra
460 2083 521 2123 uelit
535 2096 588 2122 esse
603 2084 698 2131 merita,
717 2088 850 2134 quaesunt
866 2081 1034 2132 ipsiusdona‚

181 2165 201 2197 et
215 2170 251 2208 pro
265 2158 300 2205 his,
316 2171 367 2209 quae
381 2158 460 2209 largitus
476 2164 510 2206 est,
525 2166 605 2198 aeterna
619 2159 706 2208 praemia
719 2159 745 2197 sit
754 2157 865 2198 donaturus.
886 2157 945 2207 Agit
958 2156 1035 2207 quippe

180 2235 200 2272 in
214 2234 275 2282 nobis,
290 2240 316 2281 ut,
332 2233 393 2284 quod
408 2234 467 2281 uult,
483 2240 505 2273 et
519 2233 620 2272 uelimus
636 2240 658 2272 et
672 2231 801 2285 agamus.»5

233 2308 288 2348 Haec
302 2310 367 2348 omnia
381 2310 437 2361 quasi
452 2322 478 2347 ex
492 2310 556 2347 animo
565 2308 657 2360 Angelici
671 2309 743 2359 scripta
755 2320 798 2347 esse
808 2307 887 2346 dixeris.
909 2305 1035 2347 Contendere

180 2385 241 2423 ausim
263 2397 327 2434 neque
348 2385 404 2423 nimis
422 2383 513 2424 audacter
531 2384 650 2423 contendere
668 2384 713 2422 mihi
733 2383 807 2429 uideor,
826 2395 887 2433 supra
905 2382 956 2421 dicta
970 2383 986 2420 si
1001 2381 1034 2420 ad-

179 2459 297 2507 miserimus⁷
323 2459 431 2499 doctrinam
453 2459 477 2498 de
498 2459 645 2509 justificatione.
667 2460 735 2509 utique
755 2460 771 2497 si
793 2458 816 2497 ad
838 2458 903 2496 omnia
925 2457 1035 2496 essentialia

179 2543 264 2586 spectes,
279 2535 336 2574 aliam
350 2548 408 2585 quam
424 2535 532 2574 doctrinam
541 2535 634 2586 Angelici
648 2534 762 2585 possibilem
776 2546 814 2572 non
828 2546 878 2572 esse.
899 2531 933 2571 Ex
947 2531 1035 2572 doctrina

179 2609 257 2649 Patrum
279 2610 389 2661 explicatur
410 2610 497 2649 doctrina
518 2610 609 2661 Angelici
631 2611 680 2649 sicut
700 2608 735 2648 ilos
757 2621 784 2648 ex
804 2621 888 2660 gemma.
924 2606 993 2646 Restat
1014 2613 1035 2646 ut

178 2684 251 2724 fructus
273 2697 299 2724 ex
319 2684 366 2724 flore
387 2691 509 2724 maturescat.
537 2684 639 2724 Maturitas
660 2691 724 2723 autem
746 2682 833 2734 perfecta
851 2695 891 2721 non
908 2683 993 2732 pertinet
1009 2681 1033 2721 ad

178 2767 257 2811 tempus
271 2760 405 2811 progrediens,
421 2759 456 2799 sed
471 2759 495 2799 ad
511 2763 588 2810 tempus
603 2765 764 2799 consummatum.

231 2835 272 2876 Sed
290 2834 337 2886 quid
355 2835 415 2874 multa
432 2835 507 2874 dicam?
535 2834 594 2883 Quod
609 2835 678 2874 attinet
692 2833 715 2874 ad
735 2834 849 2873 relationem
864 2831 884 2873 S.
900 2830 989 2871 Thomae
1008 2831 1033 2871 ad

177 2903 246 2951 uetera
263 2910 288 2950 de
306 2911 368 2962 gratia
384 2909 501 2960 justificante
520 2910 633 2950 testimonia
651 2908 788 2956 ecclesiastica,
806 2920 858 2960 quae
874 2920 934 2958 supra
948 2906 1033 2947 diximus

177 2984 276 3025 sufficiunt
290 2985 355 3037 quoad
370 2985 428 3025 finem
442 2992 535 3025 nostrum.

199 3082 206 3104 1
220 3083 270 3123 Epist.
283 3083 349 3113 coelest.
362 3082 398 3121 Cap.
411 3092 425 3122 4.

198 3135 206 3160 Β
220 3136 260 3167 ibid.
272 3137 310 3175 Cap.
322 3144 336 3176 7.

197 3189 205 3211 a
220 3189 260 3220 thid.
272 3190 309 3228 cap.
322 3189 336 3221 8.

197 3242 205 3265 4
219 3242 259 3275 ibid.
272 3242 309 3281 Cap.
321 3250 336 3282 9.

197 3296 205 3319 5
219 3296 260 3329 ibid.
271 3297 311 3336 Cap.
323 3303 346 3327 η.
