<?xml version="1.0" encoding="UTF-8"?>
<!DOCTYPE html PUBLIC "-//W3C//DTD XHTML 1.0 Transitional//EN"
    "http://www.w3.org/TR/xhtml1/DTD/xhtml1-transitional.dtd">
<html xmlns="http://www.w3.org/1999/xhtml" xml:lang="en" lang="en">
 <head>
  <title>
</title>
<meta http-equiv="Content-Type" content="text/html;charset=utf-8" />
  <meta name='ocr-system' content='tesseract 3.04.00' />
  <meta name='ocr-capabilities' content='ocr_page ocr_carea ocr_par ocr_line ocrx_word'/>
</head>
<body>
  <div class='ocr_page' id='page_1' title='image "./MN41857ucmf_1_0053.png"; bbox 0 0 2178 3556; ppageno 0'>
   <div class='ocr_carea' id='block_1_1' title="bbox 76 153 926 213">
    <p class='ocr_par' dir='ltr' id='par_1_1' title="bbox 76 153 926 213">
     <span class='ocr_line' id='line_1_1' title="bbox 76 153 926 213; baseline 0.005 -13"><span class='ocrx_word' id='word_1_1' title='bbox 76 153 132 213; x_wconf 59' lang='lat'>1898.</span> <span class='ocrx_word' id='word_1_2' title='bbox 145 158 183 199; x_wconf 91' lang='grc' dir='ltr'>Νο,</span> <span class='ocrx_word' id='word_1_3' title='bbox 199 171 217 200; x_wconf 88' lang='lat'>2.</span> <span class='ocrx_word' id='word_1_4' title='bbox 262 171 291 202; x_wconf 83' lang='lat' dir='ltr'>an</span> <span class='ocrx_word' id='word_1_5' title='bbox 302 169 385 203; x_wconf 80' lang='lat' dir='ltr'>enarra</span> <span class='ocrx_word' id='word_1_6' title='bbox 397 166 481 203; x_wconf 81' lang='lat' dir='ltr'>caarsrr</span> <span class='ocrx_word' id='word_1_7' title='bbox 493 170 520 202; x_wconf 80' lang='lat' dir='ltr'>aa</span> <span class='ocrx_word' id='word_1_8' title='bbox 532 170 561 202; x_wconf 80' lang='lat' dir='ltr'>aa</span> <span class='ocrx_word' id='word_1_9' title='bbox 570 170 647 203; x_wconf 72' lang='lat' dir='ltr'>cranao</span> <span class='ocrx_word' id='word_1_10' title='bbox 660 170 766 206; x_wconf 81' lang='lat' dir='ltr'>aaarvaro.</span> <span class='ocrx_word' id='word_1_11' title='bbox 904 171 926 213; x_wconf 82' lang='lat'>31</span> 
     </span>
    </p>
   </div>
   <div class='ocr_carea' id='block_1_2' title="bbox 73 286 928 634">
    <p class='ocr_par' dir='ltr' id='par_1_2' title="bbox 74 286 928 412">
     <span class='ocr_line' id='line_1_2' title="bbox 74 286 928 339; baseline 0.002 -12"><span class='ocrx_word' id='word_1_12' title='bbox 74 286 166 327; x_wconf 89' lang='lat' dir='ltr'>modum</span> <span class='ocrx_word' id='word_1_13' title='bbox 180 299 256 334; x_wconf 86' lang='lat' dir='ltr'>suum;</span> <span class='ocrx_word' id='word_1_14' title='bbox 270 288 316 338; x_wconf 89' lang='lat' dir='ltr'>quia</span> <span class='ocrx_word' id='word_1_15' title='bbox 330 294 350 326; x_wconf 92' lang='lat' dir='ltr'>et</span> <span class='ocrx_word' id='word_1_16' title='bbox 363 290 427 338; x_wconf 86' lang='lat' dir='ltr'>ipsum</span> <span class='ocrx_word' id='word_1_17' title='bbox 442 287 521 327; x_wconf 89' lang='lat' dir='ltr'>modum</span> <span class='ocrx_word' id='word_1_18' title='bbox 536 287 600 328; x_wconf 90' lang='lat' dir='ltr'>divina</span> <span class='ocrx_word' id='word_1_19' title='bbox 615 288 703 328; x_wconf 89' lang='lat' dir='ltr'>voluntas</span> <span class='ocrx_word' id='word_1_20' title='bbox 718 288 775 329; x_wconf 90' lang='lat' dir='ltr'>rebus</span> <span class='ocrx_word' id='word_1_21' title='bbox 790 288 849 339; x_wconf 82' lang='lat' dir='ltr'>dedit,</span> <span class='ocrx_word' id='word_1_22' title='bbox 865 296 886 329; x_wconf 88' lang='lat' dir='ltr'>ut</span> <span class='ocrx_word' id='word_1_23' title='bbox 901 292 928 329; x_wconf 90' lang='lat' dir='ltr'>sic</span> 
     </span>
     <span class='ocr_line' id='line_1_3' title="bbox 74 361 379 412; baseline -0.01 -10"><span class='ocrx_word' id='word_1_24' title='bbox 74 363 115 412; x_wconf 87' lang='lat' dir='ltr'>ejus</span> <span class='ocrx_word' id='word_1_25' title='bbox 129 361 218 401; x_wconf 88' lang='lat' dir='ltr'>voluntas</span> <span class='ocrx_word' id='word_1_26' title='bbox 233 361 379 411; x_wconf 75' lang='lat' dir='ltr'>impleretur.n1</span> 
     </span>
    </p>

    <p class='ocr_par' dir='ltr' id='par_1_3' title="bbox 73 434 927 634">
     <span class='ocr_line' id='line_1_4' title="bbox 129 434 927 487; baseline 0.008 -16"><span class='ocrx_word' id='word_1_27' title='bbox 129 434 257 475; x_wconf 68' lang='lat' dir='ltr'>«Deiectus</span> <span class='ocrx_word' id='word_1_28' title='bbox 278 438 350 487; x_wconf 88' lang='lat' dir='ltr'>gratiae</span> <span class='ocrx_word' id='word_1_29' title='bbox 371 438 434 487; x_wconf 87' lang='lat' dir='ltr'>prima</span> <span class='ocrx_word' id='word_1_30' title='bbox 451 448 508 475; x_wconf 87' lang='lat' dir='ltr'>causa</span> <span class='ocrx_word' id='word_1_31' title='bbox 526 443 556 476; x_wconf 89' lang='lat' dir='ltr'>est</span> <span class='ocrx_word' id='word_1_32' title='bbox 577 449 607 476; x_wconf 80' lang='lat' dir='ltr'>ex</span> <span class='ocrx_word' id='word_1_33' title='bbox 628 436 708 484; x_wconf 89' lang='lat' dir='ltr'>nobis;</span> <span class='ocrx_word' id='word_1_34' title='bbox 730 437 765 475; x_wconf 87' lang='lat' dir='ltr'>sed</span> <span class='ocrx_word' id='word_1_35' title='bbox 788 437 927 477; x_wconf 89' lang='lat' dir='ltr'>collationis</span> 
     </span>
     <span class='ocr_line' id='line_1_5' title="bbox 73 509 927 565; baseline 0.002 -15"><span class='ocrx_word' id='word_1_36' title='bbox 73 513 145 563; x_wconf 88' lang='lat' dir='ltr'>gratiae</span> <span class='ocrx_word' id='word_1_37' title='bbox 159 511 223 562; x_wconf 85' lang='lat' dir='ltr'>prima</span> <span class='ocrx_word' id='word_1_38' title='bbox 237 523 294 551; x_wconf 88' lang='lat' dir='ltr'>causa</span> <span class='ocrx_word' id='word_1_39' title='bbox 308 518 338 551; x_wconf 88' lang='lat' dir='ltr'>est</span> <span class='ocrx_word' id='word_1_40' title='bbox 352 524 363 550; x_wconf 88' lang='lat' dir='ltr'>a</span> <span class='ocrx_word' id='word_1_41' title='bbox 377 509 437 559; x_wconf 89' lang='lat' dir='ltr'>Deo,</span> <span class='ocrx_word' id='word_1_42' title='bbox 452 510 559 550; x_wconf 91' lang='lat' dir='ltr'>secundum</span> <span class='ocrx_word' id='word_1_43' title='bbox 574 510 620 549; x_wconf 88' lang='lat' dir='ltr'>illud</span> <span class='ocrx_word' id='word_1_44' title='bbox 635 510 700 551; x_wconf 83' lang='lat' dir='ltr'>oseae</span> <span class='ocrx_word' id='word_1_45' title='bbox 718 524 746 564; x_wconf 77' lang='lat'>13,</span> <span class='ocrx_word' id='word_1_46' title='bbox 760 523 783 565; x_wconf 79' lang='lat'>9:</span> <span class='ocrx_word' id='word_1_47' title='bbox 797 511 881 552; x_wconf 88' lang='lat' dir='ltr'>Perditio</span> <span class='ocrx_word' id='word_1_48' title='bbox 896 519 927 552; x_wconf 86' lang='lat' dir='ltr'>tua</span> 
     </span>
     <span class='ocr_line' id='line_1_6' title="bbox 73 584 655 634; baseline -0.007 -8"><span class='ocrx_word' id='word_1_49' title='bbox 73 592 139 634; x_wconf 85' lang='lat' dir='ltr'>exte,</span> <span class='ocrx_word' id='word_1_50' title='bbox 153 584 217 634; x_wconf 86' lang='lat' dir='ltr'>lsrael,</span> <span class='ocrx_word' id='word_1_51' title='bbox 232 585 368 626; x_wconf 87' lang='lat' dir='ltr'>tantummodo</span> <span class='ocrx_word' id='word_1_52' title='bbox 382 587 400 625; x_wconf 91' lang='lat' dir='ltr'>in</span> <span class='ocrx_word' id='word_1_53' title='bbox 414 598 447 626; x_wconf 92' lang='lat' dir='ltr'>me</span> <span class='ocrx_word' id='word_1_54' title='bbox 461 585 552 626; x_wconf 86' lang='lat' dir='ltr'>auxilium</span> <span class='ocrx_word' id='word_1_55' title='bbox 568 584 655 625; x_wconf 74' lang='lat' dir='ltr'>tuuml²</span> 
     </span>
    </p>
   </div>
   <div class='ocr_carea' id='block_1_3' title="bbox 125 716 693 778">
    <p class='ocr_par' dir='ltr' id='par_1_4' title="bbox 125 716 693 778">
     <span class='ocr_line' id='line_1_7' title="bbox 125 716 693 778; baseline 0.002 -15"><span class='ocrx_word' id='word_1_56' title='bbox 125 734 143 773; x_wconf 79' lang='grc'>4.</span> <span class='ocrx_word' id='word_1_57' title='bbox 175 723 248 764; x_wconf 69' lang='lat' dir='ltr'>[strum</span> <span class='ocrx_word' id='word_1_58' title='bbox 260 724 320 765; x_wconf 75' lang='lat' dir='ltr'>homo</span> <span class='ocrx_word' id='word_1_59' title='bbox 329 724 394 778; x_wconf 76' lang='lat' dir='ltr'>possit</span> <span class='ocrx_word' id='word_1_60' title='bbox 405 716 492 766; x_wconf 66' lang='lat' dir='ltr'>scire&#39;se</span> <span class='ocrx_word' id='word_1_61' title='bbox 504 726 581 765; x_wconf 73' lang='lat' dir='ltr'>tabere</span> <span class='ocrx_word' id='word_1_62' title='bbox 591 726 693 777; x_wconf 79' lang='lat' dir='ltr'><em>gratiam.</em></span> 
     </span>
    </p>
   </div>
   <div class='ocr_carea' id='block_1_4' title="bbox 70 809 927 1839">
    <p class='ocr_par' dir='ltr' id='par_1_5' title="bbox 72 809 927 1090">
     <span class='ocr_line' id='line_1_8' title="bbox 128 809 927 864; baseline 0.004 -15"><span class='ocrx_word' id='word_1_63' title='bbox 128 809 251 861; x_wconf 82' lang='lat' dir='ltr'>«Tripliciter</span> <span class='ocrx_word' id='word_1_64' title='bbox 263 812 334 863; x_wconf 90' lang='lat' dir='ltr'>aliquid</span> <span class='ocrx_word' id='word_1_65' title='bbox 350 815 441 864; x_wconf 83' lang='lat' dir='ltr'>cognosci</span> <span class='ocrx_word' id='word_1_66' title='bbox 456 819 530 863; x_wconf 83' lang='lat' dir='ltr'>potest:</span> <span class='ocrx_word' id='word_1_67' title='bbox 550 811 595 851; x_wconf 90' lang='lat' dir='ltr'>Uno</span> <span class='ocrx_word' id='word_1_68' title='bbox 610 811 671 852; x_wconf 90' lang='lat' dir='ltr'>modo</span> <span class='ocrx_word' id='word_1_69' title='bbox 685 824 729 862; x_wconf 92' lang='lat' dir='ltr'>per</span> <span class='ocrx_word' id='word_1_70' title='bbox 742 811 927 861; x_wconf 75' lang='lat' dir='ltr'>revelationem,</span> 
     </span>
     <span class='ocr_line' id='line_1_9' title="bbox 72 884 927 939; baseline 0.005 -16"><span class='ocrx_word' id='word_1_71' title='bbox 72 892 92 924; x_wconf 89' lang='lat' dir='ltr'>et</span> <span class='ocrx_word' id='word_1_72' title='bbox 106 884 144 924; x_wconf 89' lang='lat' dir='ltr'>hoc</span> <span class='ocrx_word' id='word_1_73' title='bbox 157 885 217 925; x_wconf 89' lang='lat' dir='ltr'>modo</span> <span class='ocrx_word' id='word_1_74' title='bbox 231 892 298 937; x_wconf 88' lang='lat' dir='ltr'>potest</span> <span class='ocrx_word' id='word_1_75' title='bbox 311 887 380 939; x_wconf 85' lang='lat' dir='ltr'>aliquis</span> <span class='ocrx_word' id='word_1_76' title='bbox 393 890 448 935; x_wconf 90' lang='lat' dir='ltr'>scire,</span> <span class='ocrx_word' id='word_1_77' title='bbox 463 900 484 927; x_wconf 92' lang='lat' dir='ltr'>se</span> <span class='ocrx_word' id='word_1_78' title='bbox 499 887 571 927; x_wconf 87' lang='lat' dir='ltr'>habere</span> <span class='ocrx_word' id='word_1_79' title='bbox 585 888 673 939; x_wconf 80' lang='lat' dir='ltr'>gratiam.</span> <span class='ocrx_word' id='word_1_80' title='bbox 701 886 786 927; x_wconf 86' lang='lat' dir='ltr'>Revelat</span> <span class='ocrx_word' id='word_1_81' title='bbox 808 889 859 926; x_wconf 86' lang='lat' dir='ltr'>enim</span> <span class='ocrx_word' id='word_1_82' title='bbox 873 887 927 927; x_wconf 85' lang='lat' dir='ltr'>Deus</span> 
     </span>
     <span class='ocr_line' id='line_1_10' title="bbox 72 959 927 1014; baseline 0.005 -16"><span class='ocrx_word' id='word_1_83' title='bbox 72 960 110 998; x_wconf 89' lang='lat' dir='ltr'>hoc</span> <span class='ocrx_word' id='word_1_84' title='bbox 124 959 229 1011; x_wconf 88' lang='lat' dir='ltr'>aliquando</span> <span class='ocrx_word' id='word_1_85' title='bbox 243 961 337 1013; x_wconf 73' lang='lat' dir='ltr'>aliquibus</span> <span class='ocrx_word' id='word_1_86' title='bbox 348 974 374 1002; x_wconf 79' lang='lat' dir='ltr'>ex</span> <span class='ocrx_word' id='word_1_87' title='bbox 384 963 464 1013; x_wconf 88' lang='lat' dir='ltr'>speciali</span> <span class='ocrx_word' id='word_1_88' title='bbox 477 963 586 1014; x_wconf 84' lang='lat' dir='ltr'>privilegio,</span> <span class='ocrx_word' id='word_1_89' title='bbox 602 969 622 1001; x_wconf 89' lang='lat' dir='ltr'>ut</span> <span class='ocrx_word' id='word_1_90' title='bbox 636 964 743 1002; x_wconf 82' lang='lat' dir='ltr'>securitatis</span> <span class='ocrx_word' id='word_1_91' title='bbox 759 962 852 1014; x_wconf 89' lang='lat' dir='ltr'>gaudium</span> <span class='ocrx_word' id='word_1_92' title='bbox 870 964 927 1002; x_wconf 90' lang='lat' dir='ltr'>etiam</span> 
     </span>
     <span class='ocr_line' id='line_1_11' title="bbox 72 1034 590 1090; baseline 0.006 -17"><span class='ocrx_word' id='word_1_93' title='bbox 72 1036 91 1073; x_wconf 92' lang='lat' dir='ltr'>in</span> <span class='ocrx_word' id='word_1_94' title='bbox 104 1034 141 1074; x_wconf 90' lang='lat' dir='ltr'>hac</span> <span class='ocrx_word' id='word_1_95' title='bbox 154 1037 194 1074; x_wconf 89' lang='lat' dir='ltr'>vita</span> <span class='ocrx_word' id='word_1_96' title='bbox 207 1038 227 1075; x_wconf 89' lang='lat' dir='ltr'>in</span> <span class='ocrx_word' id='word_1_97' title='bbox 241 1038 267 1076; x_wconf 89' lang='lat' dir='ltr'>eis</span> <span class='ocrx_word' id='word_1_98' title='bbox 281 1039 365 1088; x_wconf 79' lang='lat' dir='ltr'>incipiat,</span> <span class='ocrx_word' id='word_1_99' title='bbox 380 1037 413 1077; x_wconf 89' lang='lat' dir='ltr'>clr.</span> <span class='ocrx_word' id='word_1_100' title='bbox 428 1049 440 1076; x_wconf 85' lang='lat'><em>2</em></span> <span class='ocrx_word' id='word_1_101' title='bbox 455 1037 499 1076; x_wconf 88' lang='lat' dir='ltr'>Cor.</span> <span class='ocrx_word' id='word_1_102' title='bbox 517 1048 545 1084; x_wconf 84' lang='lat'>12,</span> <span class='ocrx_word' id='word_1_103' title='bbox 560 1050 590 1090; x_wconf 77' lang='lat'>9.»</span> 
     </span>
    </p>

    <p class='ocr_par' dir='ltr' id='par_1_6' title="bbox 71 1110 927 1464">
     <span class='ocr_line' id='line_1_12' title="bbox 127 1110 927 1163; baseline 0.004 -14"><span class='ocrx_word' id='word_1_104' title='bbox 127 1110 183 1150; x_wconf 76' lang='lat' dir='ltr'>«alio</span> <span class='ocrx_word' id='word_1_105' title='bbox 197 1110 257 1151; x_wconf 86' lang='lat' dir='ltr'>modo</span> <span class='ocrx_word' id='word_1_106' title='bbox 271 1112 330 1151; x_wconf 90' lang='lat' dir='ltr'>homo</span> <span class='ocrx_word' id='word_1_107' title='bbox 345 1113 445 1163; x_wconf 80' lang='lat' dir='ltr'>cognoscit</span> <span class='ocrx_word' id='word_1_108' title='bbox 459 1111 530 1163; x_wconf 88' lang='lat' dir='ltr'>aliquid</span> <span class='ocrx_word' id='word_1_109' title='bbox 545 1125 590 1162; x_wconf 89' lang='lat' dir='ltr'>per</span> <span class='ocrx_word' id='word_1_110' title='bbox 608 1125 634 1151; x_wconf 90' lang='lat' dir='ltr'>se</span> <span class='ocrx_word' id='word_1_111' title='bbox 652 1113 742 1163; x_wconf 83' lang='lat' dir='ltr'>ipsum,</span> <span class='ocrx_word' id='word_1_112' title='bbox 762 1118 786 1152; x_wconf 91' lang='lat' dir='ltr'>et</span> <span class='ocrx_word' id='word_1_113' title='bbox 799 1113 842 1152; x_wconf 91' lang='lat' dir='ltr'>hoc</span> <span class='ocrx_word' id='word_1_114' title='bbox 856 1116 927 1152; x_wconf 90' lang='lat' dir='ltr'>certi-</span> 
     </span>
     <span class='ocr_line' id='line_1_13' title="bbox 72 1184 926 1239; baseline 0.004 -15"><span class='ocrx_word' id='word_1_115' title='bbox 72 1184 221 1225; x_wconf 88' lang='lat' dir='ltr'>tudinaliter¹</span> <span class='ocrx_word' id='word_1_116' title='bbox 249 1185 275 1225; x_wconf 88' lang='lat' dir='ltr'>Et</span> <span class='ocrx_word' id='word_1_117' title='bbox 289 1188 316 1226; x_wconf 94' lang='lat' dir='ltr'>sic</span> <span class='ocrx_word' id='word_1_118' title='bbox 330 1187 392 1226; x_wconf 89' lang='lat' dir='ltr'>nullus</span> <span class='ocrx_word' id='word_1_119' title='bbox 406 1193 474 1238; x_wconf 86' lang='lat' dir='ltr'>potest</span> <span class='ocrx_word' id='word_1_120' title='bbox 488 1188 536 1227; x_wconf 88' lang='lat' dir='ltr'>scire</span> <span class='ocrx_word' id='word_1_121' title='bbox 550 1200 572 1226; x_wconf 91' lang='lat' dir='ltr'>se</span> <span class='ocrx_word' id='word_1_122' title='bbox 586 1186 658 1227; x_wconf 89' lang='lat' dir='ltr'>habere</span> <span class='ocrx_word' id='word_1_123' title='bbox 673 1190 754 1239; x_wconf 81' lang='lat' dir='ltr'>gratiam</span> <span class='ocrx_word' id='word_1_124' title='bbox 770 1219 803 1227; x_wconf 90' lang='lat'>...</span> <span class='ocrx_word' id='word_1_125' title='bbox 825 1187 859 1227; x_wconf 90' lang='lat' dir='ltr'>Sic</span> <span class='ocrx_word' id='word_1_126' title='bbox 876 1189 926 1227; x_wconf 88' lang='lat' dir='ltr'>enim</span> 
     </span>
     <span class='ocr_line' id='line_1_14' title="bbox 71 1260 926 1302; baseline 0.005 -4"><span class='ocrx_word' id='word_1_127' title='bbox 71 1260 166 1300; x_wconf 77' lang='lat' dir='ltr'>certitudo</span> <span class='ocrx_word' id='word_1_128' title='bbox 176 1261 258 1301; x_wconf 87' lang='lat' dir='ltr'>habetur</span> <span class='ocrx_word' id='word_1_129' title='bbox 268 1261 296 1301; x_wconf 93' lang='lat' dir='ltr'>de</span> <span class='ocrx_word' id='word_1_130' title='bbox 306 1262 505 1302; x_wconf 85' lang='lat' dir='ltr'>conclusionibus</span> <span class='ocrx_word' id='word_1_131' title='bbox 520 1262 747 1302; x_wconf 88' lang='lat' dir='ltr'>demonstrativis..</span> <span class='ocrx_word' id='word_1_132' title='bbox 759 1294 763 1302; x_wconf 88' lang='grc'><em>,</em></span> <span class='ocrx_word' id='word_1_133' title='bbox 778 1261 804 1302; x_wconf 90' lang='lat' dir='ltr'>Et</span> <span class='ocrx_word' id='word_1_134' title='bbox 813 1261 858 1302; x_wconf 89' lang='lat' dir='ltr'>ideo</span> <span class='ocrx_word' id='word_1_135' title='bbox 868 1263 926 1302; x_wconf 87' lang='lat' dir='ltr'>homo</span> 
     </span>
     <span class='ocr_line' id='line_1_15' title="bbox 71 1337 925 1389; baseline 0.005 -16"><span class='ocrx_word' id='word_1_136' title='bbox 71 1347 110 1374; x_wconf 91' lang='lat' dir='ltr'>non</span> <span class='ocrx_word' id='word_1_137' title='bbox 131 1341 197 1386; x_wconf 89' lang='lat' dir='ltr'>potest</span> <span class='ocrx_word' id='word_1_138' title='bbox 218 1349 254 1387; x_wconf 93' lang='lat' dir='ltr'>per</span> <span class='ocrx_word' id='word_1_139' title='bbox 274 1337 409 1377; x_wconf 88' lang='lat' dir='ltr'>certitudinem</span> <span class='ocrx_word' id='word_1_140' title='bbox 428 1337 539 1387; x_wconf 83' lang='lat' dir='ltr'>dijudicare,</span> <span class='ocrx_word' id='word_1_141' title='bbox 559 1343 622 1376; x_wconf 90' lang='lat' dir='ltr'>utrum</span> <span class='ocrx_word' id='word_1_142' title='bbox 640 1340 683 1388; x_wconf 89' lang='lat' dir='ltr'>ipse</span> <span class='ocrx_word' id='word_1_143' title='bbox 701 1338 773 1377; x_wconf 90' lang='lat' dir='ltr'>habeat</span> <span class='ocrx_word' id='word_1_144' title='bbox 791 1340 877 1389; x_wconf 79' lang='lat' dir='ltr'>gratiam,</span> <span class='ocrx_word' id='word_1_145' title='bbox 893 1337 914 1377; x_wconf 85' lang='lat' dir='ltr'>cl</span> <span class='ocrx_word' id='word_1_146' title='bbox 922 1369 925 1377; x_wconf 91' lang='lat'>.</span> 
     </span>
     <span class='ocr_line' id='line_1_16' title="bbox 74 1409 220 1464; baseline 0.007 -15"><span class='ocrx_word' id='word_1_147' title='bbox 74 1409 141 1451; x_wconf 82' lang='lat' dir='ltr'>1Cor,</span> <span class='ocrx_word' id='word_1_148' title='bbox 156 1422 174 1461; x_wconf 82' lang='grc'>4,</span> <span class='ocrx_word' id='word_1_149' title='bbox 190 1424 220 1464; x_wconf 77' lang='lat'>3.»</span> 
     </span>
    </p>

    <p class='ocr_par' dir='ltr' id='par_1_7' title="bbox 70 1485 926 1839">
     <span class='ocr_line' id='line_1_17' title="bbox 125 1485 926 1539; baseline 0.001 -14"><span class='ocrx_word' id='word_1_150' title='bbox 125 1485 204 1526; x_wconf 82' lang='lat' dir='ltr'>«Tertio</span> <span class='ocrx_word' id='word_1_151' title='bbox 227 1486 286 1527; x_wconf 91' lang='lat' dir='ltr'>modo</span> <span class='ocrx_word' id='word_1_152' title='bbox 309 1490 432 1539; x_wconf 87' lang='lat' dir='ltr'>cognoscitur</span> <span class='ocrx_word' id='word_1_153' title='bbox 455 1487 526 1539; x_wconf 89' lang='lat' dir='ltr'>aliquid</span> <span class='ocrx_word' id='word_1_154' title='bbox 549 1487 753 1537; x_wconf 86' lang='lat' dir='ltr'>conjecturaliter</span> <span class='ocrx_word' id='word_1_155' title='bbox 772 1500 816 1538; x_wconf 89' lang='lat' dir='ltr'>per</span> <span class='ocrx_word' id='word_1_156' title='bbox 841 1487 926 1539; x_wconf 89' lang='lat' dir='ltr'>aliqua</span> 
     </span>
     <span class='ocr_line' id='line_1_18' title="bbox 70 1562 925 1615; baseline 0.001 -15"><span class='ocrx_word' id='word_1_157' title='bbox 70 1563 150 1613; x_wconf 78' lang='lat' dir='ltr'>signa3</span> <span class='ocrx_word' id='word_1_158' title='bbox 168 1569 188 1601; x_wconf 87' lang='lat' dir='ltr'>et</span> <span class='ocrx_word' id='word_1_159' title='bbox 202 1562 240 1602; x_wconf 89' lang='lat' dir='ltr'>hoc</span> <span class='ocrx_word' id='word_1_160' title='bbox 253 1563 313 1602; x_wconf 87' lang='lat' dir='ltr'>modo</span> <span class='ocrx_word' id='word_1_161' title='bbox 328 1562 395 1615; x_wconf 89' lang='lat' dir='ltr'>aliquis</span> <span class='ocrx_word' id='word_1_162' title='bbox 411 1575 560 1614; x_wconf 87' lang='lat' dir='ltr'>cognoscere</span> <span class='ocrx_word' id='word_1_163' title='bbox 579 1568 665 1613; x_wconf 89' lang='lat' dir='ltr'>potest</span> <span class='ocrx_word' id='word_1_164' title='bbox 682 1575 704 1601; x_wconf 90' lang='lat' dir='ltr'>se</span> <span class='ocrx_word' id='word_1_165' title='bbox 718 1562 791 1601; x_wconf 88' lang='lat' dir='ltr'>habere</span> <span class='ocrx_word' id='word_1_166' title='bbox 804 1564 892 1613; x_wconf 72' lang='lat' dir='ltr'>gratiam,</span> <span class='ocrx_word' id='word_1_167' title='bbox 907 1563 925 1601; x_wconf 89' lang='lat' dir='ltr'>in</span> 
     </span>
     <span class='ocr_line' id='line_1_19' title="bbox 70 1637 925 1689; baseline 0.002 -15"><span class='ocrx_word' id='word_1_168' title='bbox 70 1643 164 1688; x_wconf 88' lang='lat' dir='ltr'>quantum</span> <span class='ocrx_word' id='word_1_169' title='bbox 178 1637 251 1677; x_wconf 89' lang='lat' dir='ltr'>scilicet</span> <span class='ocrx_word' id='word_1_170' title='bbox 265 1640 349 1689; x_wconf 85' lang='lat' dir='ltr'>percipit</span> <span class='ocrx_word' id='word_1_171' title='bbox 367 1651 391 1677; x_wconf 89' lang='lat' dir='ltr'>se</span> <span class='ocrx_word' id='word_1_172' title='bbox 409 1638 530 1678; x_wconf 89' lang='lat' dir='ltr'>delectari</span> <span class='ocrx_word' id='word_1_173' title='bbox 548 1639 570 1677; x_wconf 90' lang='lat' dir='ltr'>iu</span> <span class='ocrx_word' id='word_1_174' title='bbox 588 1637 638 1677; x_wconf 90' lang='lat' dir='ltr'>Deo</span> <span class='ocrx_word' id='word_1_175' title='bbox 654 1643 674 1677; x_wconf 87' lang='lat' dir='ltr'>et</span> <span class='ocrx_word' id='word_1_176' title='bbox 687 1643 813 1677; x_wconf 87' lang='lat' dir='ltr'>contemnere</span> <span class='ocrx_word' id='word_1_177' title='bbox 827 1650 858 1677; x_wconf 94' lang='lat' dir='ltr'>res</span> <span class='ocrx_word' id='word_1_178' title='bbox 871 1651 925 1676; x_wconf 94' lang='lat' dir='ltr'>mun-</span> 
     </span>
     <span class='ocr_line' id='line_1_20' title="bbox 70 1711 924 1764; baseline 0 -14"><span class='ocrx_word' id='word_1_179' title='bbox 70 1711 135 1759; x_wconf 87' lang='lat' dir='ltr'>danas,</span> <span class='ocrx_word' id='word_1_180' title='bbox 146 1714 194 1751; x_wconf 89' lang='lat' dir='ltr'>etin</span> <span class='ocrx_word' id='word_1_181' title='bbox 204 1719 298 1764; x_wconf 88' lang='lat' dir='ltr'>quantum</span> <span class='ocrx_word' id='word_1_182' title='bbox 308 1714 368 1753; x_wconf 90' lang='lat' dir='ltr'>homo</span> <span class='ocrx_word' id='word_1_183' title='bbox 377 1727 416 1753; x_wconf 86' lang='lat' dir='ltr'>nou</span> <span class='ocrx_word' id='word_1_184' title='bbox 426 1719 456 1753; x_wconf 88' lang='lat' dir='ltr'>est</span> <span class='ocrx_word' id='word_1_185' title='bbox 466 1715 552 1753; x_wconf 89' lang='lat' dir='ltr'>conscius</span> <span class='ocrx_word' id='word_1_186' title='bbox 562 1713 598 1751; x_wconf 89' lang='lat' dir='ltr'>sibi</span> <span class='ocrx_word' id='word_1_187' title='bbox 611 1713 689 1762; x_wconf 86' lang='lat' dir='ltr'>alicujus</span> <span class='ocrx_word' id='word_1_188' title='bbox 704 1714 797 1763; x_wconf 85' lang='lat' dir='ltr'>peccati</span> <span class='ocrx_word' id='word_1_189' title='bbox 811 1712 924 1761; x_wconf 83' lang='lat' dir='ltr'>mortalis,</span> 
     </span>
     <span class='ocr_line' id='line_1_21' title="bbox 70 1785 289 1839; baseline 0.009 -14"><span class='ocrx_word' id='word_1_190' title='bbox 70 1785 103 1827; x_wconf 80' lang='lat' dir='ltr'>cir.</span> <span class='ocrx_word' id='word_1_191' title='bbox 118 1787 182 1838; x_wconf 78' lang='lat' dir='ltr'>Apoc.</span> <span class='ocrx_word' id='word_1_192' title='bbox 198 1799 215 1836; x_wconf 82' lang='lat' dir='ltr'>a,</span> <span class='ocrx_word' id='word_1_193' title='bbox 234 1788 289 1839; x_wconf 70' lang='lat' dir='ltr'>17.v3</span> 
     </span>
    </p>
   </div>
   <div class='ocr_carea' id='block_1_5' title="bbox 417 1945 572 1982">
    <p class='ocr_par' dir='ltr' id='par_1_8' title="bbox 417 1945 572 1982">
     <span class='ocr_line' id='line_1_22' title="bbox 417 1945 572 1982; baseline 0.006 -1"><span class='ocrx_word' id='word_1_194' title='bbox 417 1945 572 1982; x_wconf 85' lang='lat' dir='ltr'>Corollarium.</span> 
     </span>
    </p>
   </div>
   <div class='ocr_carea' id='block_1_6' title="bbox 67 2033 924 2989">
    <p class='ocr_par' dir='ltr' id='par_1_9' title="bbox 67 2033 924 2536">
     <span class='ocr_line' id='line_1_23' title="bbox 123 2033 923 2085; baseline 0 -13"><span class='ocrx_word' id='word_1_195' title='bbox 123 2033 181 2082; x_wconf 83' lang='lat' dir='ltr'>Quod</span> <span class='ocrx_word' id='word_1_196' title='bbox 202 2036 221 2073; x_wconf 90' lang='lat' dir='ltr'>in</span> <span class='ocrx_word' id='word_1_197' title='bbox 242 2035 277 2074; x_wconf 88' lang='lat' dir='ltr'>hac</span> <span class='ocrx_word' id='word_1_198' title='bbox 298 2036 412 2085; x_wconf 83' lang='lat' dir='ltr'>quaestione</span> <span class='ocrx_word' id='word_1_199' title='bbox 431 2037 538 2074; x_wconf 87' lang='lat' dir='ltr'>continetur</span> <span class='ocrx_word' id='word_1_200' title='bbox 555 2040 596 2074; x_wconf 89' lang='lat' dir='ltr'>arte</span> <span class='ocrx_word' id='word_1_201' title='bbox 614 2033 773 2085; x_wconf 85' lang='lat' dir='ltr'>conjungendum</span> <span class='ocrx_word' id='word_1_202' title='bbox 790 2040 819 2073; x_wconf 87' lang='lat' dir='ltr'>est</span> <span class='ocrx_word' id='word_1_203' title='bbox 837 2047 882 2073; x_wconf 90' lang='lat' dir='ltr'>cum</span> <span class='ocrx_word' id='word_1_204' title='bbox 896 2036 923 2082; x_wconf 87' lang='lat' dir='ltr'>iis,</span> 
     </span>
     <span class='ocr_line' id='line_1_24' title="bbox 70 2109 923 2162; baseline 0.001 -14"><span class='ocrx_word' id='word_1_205' title='bbox 70 2122 120 2161; x_wconf 89' lang='lat' dir='ltr'>quae</span> <span class='ocrx_word' id='word_1_206' title='bbox 140 2122 205 2160; x_wconf 89' lang='lat' dir='ltr'>supra,</span> <span class='ocrx_word' id='word_1_207' title='bbox 229 2109 266 2158; x_wconf 74' lang='lat' dir='ltr'>Qu.</span> <span class='ocrx_word' id='word_1_208' title='bbox 286 2109 317 2158; x_wconf 74' lang='grc' dir='ltr'>ΠΙ,</span> <span class='ocrx_word' id='word_1_209' title='bbox 337 2109 380 2149; x_wconf 79' lang='lat' dir='ltr'>Art.</span> <span class='ocrx_word' id='word_1_210' title='bbox 396 2121 407 2150; x_wconf 82' lang='lat'>2</span> <span class='ocrx_word' id='word_1_211' title='bbox 427 2110 446 2150; x_wconf 70' lang='lat' dir='ltr'>a</span> <span class='ocrx_word' id='word_1_212' title='bbox 465 2122 482 2162; x_wconf 78' lang='lat'>3,</span> <span class='ocrx_word' id='word_1_213' title='bbox 501 2110 526 2149; x_wconf 86' lang='lat' dir='ltr'>de</span> <span class='ocrx_word' id='word_1_214' title='bbox 545 2112 606 2161; x_wconf 87' lang='lat' dir='ltr'>gratia</span> <span class='ocrx_word' id='word_1_215' title='bbox 624 2116 719 2161; x_wconf 86' lang='lat' dir='ltr'>operante</span> <span class='ocrx_word' id='word_1_216' title='bbox 738 2116 758 2148; x_wconf 91' lang='lat' dir='ltr'>et</span> <span class='ocrx_word' id='word_1_217' title='bbox 778 2110 923 2160; x_wconf 84' lang='lat' dir='ltr'>praeveniente,</span> 
     </span>
     <span class='ocr_line' id='line_1_25' title="bbox 68 2184 924 2236; baseline -0.001 -13"><span class='ocrx_word' id='word_1_218' title='bbox 68 2185 166 2235; x_wconf 88' lang='lat' dir='ltr'>disputata</span> <span class='ocrx_word' id='word_1_219' title='bbox 186 2191 236 2224; x_wconf 79' lang='lat' dir='ltr'>sunt</span> <span class='ocrx_word' id='word_1_220' title='bbox 264 2184 302 2224; x_wconf 90' lang='lat' dir='ltr'>Hic</span> <span class='ocrx_word' id='word_1_221' title='bbox 322 2191 343 2223; x_wconf 91' lang='lat' dir='ltr'>ut</span> <span class='ocrx_word' id='word_1_222' title='bbox 364 2185 400 2225; x_wconf 89' lang='lat' dir='ltr'>illic</span> <span class='ocrx_word' id='word_1_223' title='bbox 416 2184 471 2224; x_wconf 84' lang='lat' dir='ltr'>Deus</span> <span class='ocrx_word' id='word_1_224' title='bbox 488 2192 517 2224; x_wconf 90' lang='lat' dir='ltr'>est</span> <span class='ocrx_word' id='word_1_225' title='bbox 538 2187 629 2236; x_wconf 90' lang='lat' dir='ltr'>primus</span> <span class='ocrx_word' id='word_1_226' title='bbox 650 2191 736 2232; x_wconf 88' lang='lat' dir='ltr'>motor,</span> <span class='ocrx_word' id='word_1_227' title='bbox 758 2186 836 2224; x_wconf 89' lang='lat' dir='ltr'>omnino</span> <span class='ocrx_word' id='word_1_228' title='bbox 858 2186 924 2235; x_wconf 92' lang='lat' dir='ltr'>prin-</span> 
     </span>
     <span class='ocr_line' id='line_1_26' title="bbox 68 2259 924 2312; baseline -0.002 -13"><span class='ocrx_word' id='word_1_229' title='bbox 68 2262 158 2311; x_wconf 85' lang='lat' dir='ltr'>cipium</span> <span class='ocrx_word' id='word_1_230' title='bbox 180 2262 242 2299; x_wconf 89' lang='lat' dir='ltr'>onmis</span> <span class='ocrx_word' id='word_1_231' title='bbox 262 2261 327 2300; x_wconf 87' lang='lat' dir='ltr'>salutis</span> <span class='ocrx_word' id='word_1_232' title='bbox 342 2274 378 2311; x_wconf 91' lang='lat' dir='ltr'>per</span> <span class='ocrx_word' id='word_1_233' title='bbox 398 2262 479 2312; x_wconf 85' lang='lat' dir='ltr'>gratiam</span> <span class='ocrx_word' id='word_1_234' title='bbox 500 2273 579 2300; x_wconf 87' lang='lat' dir='ltr'>omnem</span> <span class='ocrx_word' id='word_1_235' title='bbox 595 2261 668 2299; x_wconf 90' lang='lat' dir='ltr'>bonum</span> <span class='ocrx_word' id='word_1_236' title='bbox 686 2266 760 2299; x_wconf 86' lang='lat' dir='ltr'>motum</span> <span class='ocrx_word' id='word_1_237' title='bbox 779 2259 833 2299; x_wconf 91' lang='lat' dir='ltr'>liberi</span> <span class='ocrx_word' id='word_1_238' title='bbox 854 2260 924 2298; x_wconf 90' lang='lat' dir='ltr'>arbitrii</span> 
     </span>
     <span class='ocr_line' id='line_1_27' title="bbox 68 2334 924 2387; baseline 0 -14"><span class='ocrx_word' id='word_1_239' title='bbox 68 2338 228 2385; x_wconf 82' lang='lat' dir='ltr'>praevenientem</span> <span class='ocrx_word' id='word_1_240' title='bbox 243 2342 262 2374; x_wconf 92' lang='lat' dir='ltr'>et</span> <span class='ocrx_word' id='word_1_241' title='bbox 275 2335 467 2386; x_wconf 88' lang='lat' dir='ltr'>praedisponentem.</span> <span class='ocrx_word' id='word_1_242' title='bbox 496 2335 553 2387; x_wconf 78' lang='lat' dir='ltr'>Agit</span> <span class='ocrx_word' id='word_1_243' title='bbox 569 2359 595 2363; x_wconf 87' lang='lat'>—</span> <span class='ocrx_word' id='word_1_244' title='bbox 609 2335 640 2374; x_wconf 88' lang='lat' dir='ltr'>hic</span> <span class='ocrx_word' id='word_1_245' title='bbox 654 2341 675 2374; x_wconf 92' lang='lat' dir='ltr'>ut</span> <span class='ocrx_word' id='word_1_246' title='bbox 688 2334 726 2373; x_wconf 89' lang='lat' dir='ltr'>illic</span> <span class='ocrx_word' id='word_1_247' title='bbox 740 2358 766 2363; x_wconf 77' lang='lat'><em>-</em></span> <span class='ocrx_word' id='word_1_248' title='bbox 780 2334 861 2374; x_wconf 87' lang='lat' dir='ltr'>liberum</span> <span class='ocrx_word' id='word_1_249' title='bbox 876 2334 924 2373; x_wconf 88' lang='lat' dir='ltr'>arbi-</span> 
     </span>
     <span class='ocr_line' id='line_1_28' title="bbox 67 2409 924 2462; baseline -0.001 -14"><span class='ocrx_word' id='word_1_250' title='bbox 67 2413 129 2458; x_wconf 82' lang='lat' dir='ltr'>trium,</span> <span class='ocrx_word' id='word_1_251' title='bbox 144 2424 183 2449; x_wconf 88' lang='lat' dir='ltr'>uon</span> <span class='ocrx_word' id='word_1_252' title='bbox 196 2417 262 2450; x_wconf 89' lang='lat' dir='ltr'>autem</span> <span class='ocrx_word' id='word_1_253' title='bbox 277 2413 332 2462; x_wconf 87' lang='lat' dir='ltr'>quasi</span> <span class='ocrx_word' id='word_1_254' title='bbox 345 2413 430 2460; x_wconf 91' lang='lat' dir='ltr'>primum</span> <span class='ocrx_word' id='word_1_255' title='bbox 449 2423 556 2458; x_wconf 82' lang='lat' dir='ltr'>movens,</span> <span class='ocrx_word' id='word_1_256' title='bbox 576 2409 611 2449; x_wconf 87' lang='lat' dir='ltr'>sed</span> <span class='ocrx_word' id='word_1_257' title='bbox 627 2410 700 2461; x_wconf 89' lang='lat' dir='ltr'>ubique</span> <span class='ocrx_word' id='word_1_258' title='bbox 715 2411 771 2461; x_wconf 88' lang='lat' dir='ltr'>quasi</span> <span class='ocrx_word' id='word_1_259' title='bbox 785 2410 804 2448; x_wconf 93' lang='lat' dir='ltr'>in</span> <span class='ocrx_word' id='word_1_260' title='bbox 818 2410 873 2449; x_wconf 89' lang='lat' dir='ltr'>nobis</span> <span class='ocrx_word' id='word_1_261' title='bbox 888 2421 924 2459; x_wconf 90' lang='lat' dir='ltr'>per</span> 
     </span>
     <span class='ocr_line' id='line_1_29' title="bbox 67 2487 307 2536; baseline 0 -13"><span class='ocrx_word' id='word_1_262' title='bbox 67 2487 107 2524; x_wconf 89' lang='lat' dir='ltr'>vim</span> <span class='ocrx_word' id='word_1_263' title='bbox 121 2487 193 2536; x_wconf 86' lang='lat' dir='ltr'>gratiae</span> <span class='ocrx_word' id='word_1_264' title='bbox 211 2491 307 2525; x_wconf 88' lang='lat' dir='ltr'>motum.</span> 
     </span>
    </p>

    <p class='ocr_par' dir='ltr' id='par_1_10' title="bbox 67 2558 924 2763">
     <span class='ocr_line' id='line_1_30' title="bbox 120 2558 924 2612; baseline -0.002 -13"><span class='ocrx_word' id='word_1_265' title='bbox 120 2560 225 2600; x_wconf 88' lang='lat' dir='ltr'>Neminem</span> <span class='ocrx_word' id='word_1_266' title='bbox 243 2559 296 2611; x_wconf 86' lang='lat' dir='ltr'>lugit,</span> <span class='ocrx_word' id='word_1_267' title='bbox 316 2574 376 2612; x_wconf 86' lang='lat' dir='ltr'>quam</span> <span class='ocrx_word' id='word_1_268' title='bbox 394 2561 469 2600; x_wconf 89' lang='lat' dir='ltr'>directe</span> <span class='ocrx_word' id='word_1_269' title='bbox 487 2561 535 2600; x_wconf 88' lang='lat' dir='ltr'>baec</span> <span class='ocrx_word' id='word_1_270' title='bbox 553 2562 617 2599; x_wconf 90' lang='lat' dir='ltr'>omnia</span> <span class='ocrx_word' id='word_1_271' title='bbox 634 2561 727 2611; x_wconf 88' lang='lat' dir='ltr'>opposita</span> <span class='ocrx_word' id='word_1_272' title='bbox 741 2561 779 2598; x_wconf 89' lang='lat' dir='ltr'>sint</span> <span class='ocrx_word' id='word_1_273' title='bbox 797 2561 850 2598; x_wconf 91' lang='lat' dir='ltr'>omni</span> <span class='ocrx_word' id='word_1_274' title='bbox 863 2558 924 2599; x_wconf 90' lang='lat' dir='ltr'>Semi-</span> 
     </span>
     <span class='ocr_line' id='line_1_31' title="bbox 67 2635 922 2688; baseline -0.002 -13"><span class='ocrx_word' id='word_1_275' title='bbox 67 2636 213 2687; x_wconf 74' lang='lat' dir='ltr'>pelagianismo7</span> <span class='ocrx_word' id='word_1_276' title='bbox 228 2635 335 2675; x_wconf 90' lang='lat' dir='ltr'>secundum</span> <span class='ocrx_word' id='word_1_277' title='bbox 350 2649 409 2688; x_wconf 88' lang='lat' dir='ltr'>quem</span> <span class='ocrx_word' id='word_1_278' title='bbox 424 2638 467 2687; x_wconf 89' lang='lat' dir='ltr'>ipse</span> <span class='ocrx_word' id='word_1_279' title='bbox 481 2636 539 2675; x_wconf 87' lang='lat' dir='ltr'>homo</span> <span class='ocrx_word' id='word_1_280' title='bbox 554 2635 585 2675; x_wconf 93' lang='lat' dir='ltr'>vel</span> <span class='ocrx_word' id='word_1_281' title='bbox 598 2636 680 2675; x_wconf 87' lang='lat' dir='ltr'>liberum</span> <span class='ocrx_word' id='word_1_282' title='bbox 691 2636 790 2674; x_wconf 83' lang='lat' dir='ltr'>arbitrium</span> <span class='ocrx_word' id='word_1_283' title='bbox 800 2640 830 2674; x_wconf 89' lang='lat' dir='ltr'>est</span> <span class='ocrx_word' id='word_1_284' title='bbox 838 2635 922 2686; x_wconf 80' lang='lat' dir='ltr'>primuni</span> 
     </span>
     <span class='ocr_line' id='line_1_32' title="bbox 67 2712 321 2763; baseline 0.008 -15"><span class='ocrx_word' id='word_1_285' title='bbox 67 2723 148 2750; x_wconf 91' lang='lat' dir='ltr'>movens</span> <span class='ocrx_word' id='word_1_286' title='bbox 162 2712 239 2763; x_wconf 86' lang='lat' dir='ltr'>absque</span> <span class='ocrx_word' id='word_1_287' title='bbox 254 2713 321 2762; x_wconf 87' lang='lat' dir='ltr'>gratia.</span> 
     </span>
    </p>

    <p class='ocr_par' dir='ltr' id='par_1_11' title="bbox 121 2785 923 2838">
     <span class='ocr_line' id='line_1_33' title="bbox 121 2785 923 2838; baseline -0.004 -12"><span class='ocrx_word' id='word_1_288' title='bbox 121 2786 172 2835; x_wconf 82' lang='lat' dir='ltr'>Quid</span> <span class='ocrx_word' id='word_1_289' title='bbox 185 2789 232 2826; x_wconf 91' lang='lat' dir='ltr'>novi</span> <span class='ocrx_word' id='word_1_290' title='bbox 245 2793 311 2826; x_wconf 87' lang='lat' dir='ltr'>autem</span> <span class='ocrx_word' id='word_1_291' title='bbox 325 2793 389 2826; x_wconf 88' lang='lat' dir='ltr'>nostra</span> <span class='ocrx_word' id='word_1_292' title='bbox 404 2788 518 2838; x_wconf 83' lang='lat' dir='ltr'>quaestione</span> <span class='ocrx_word' id='word_1_293' title='bbox 533 2785 610 2825; x_wconf 87' lang='lat' dir='ltr'>additur</span> <span class='ocrx_word' id='word_1_294' title='bbox 626 2787 730 2837; x_wconf 86' lang='lat' dir='ltr'>cognitioni</span> <span class='ocrx_word' id='word_1_295' title='bbox 746 2787 788 2835; x_wconf 87' lang='lat' dir='ltr'>jam</span> <span class='ocrx_word' id='word_1_296' title='bbox 806 2785 923 2836; x_wconf 87' lang='lat' dir='ltr'>acquisitae?</span> 
     </span>
    </p>

    <p class='ocr_par' dir='ltr' id='par_1_12' title="bbox 67 2859 923 2989">
     <span class='ocr_line' id='line_1_34' title="bbox 119 2859 923 2914; baseline -0.002 -13"><span class='ocrx_word' id='word_1_297' title='bbox 119 2861 188 2902; x_wconf 82' lang='lat' dir='ltr'>Altera</span> <span class='ocrx_word' id='word_1_298' title='bbox 202 2875 230 2902; x_wconf 80' lang='lat' dir='ltr'>ex</span> <span class='ocrx_word' id='word_1_299' title='bbox 246 2869 303 2914; x_wconf 87' lang='lat' dir='ltr'>parte</span> <span class='ocrx_word' id='word_1_300' title='bbox 322 2862 427 2902; x_wconf 87' lang='lat' dir='ltr'>declaratio</span> <span class='ocrx_word' id='word_1_301' title='bbox 441 2861 529 2913; x_wconf 85' lang='lat' dir='ltr'>Angelici</span> <span class='ocrx_word' id='word_1_302' title='bbox 547 2861 572 2900; x_wconf 91' lang='lat' dir='ltr'>de</span> <span class='ocrx_word' id='word_1_303' title='bbox 591 2859 778 2900; x_wconf 78' lang='lat' dir='ltr'>infallibilitate</span> <span class='ocrx_word' id='word_1_304' title='bbox 799 2862 872 2911; x_wconf 87' lang='lat' dir='ltr'>gratiae</span> <span class='ocrx_word' id='word_1_305' title='bbox 886 2859 923 2899; x_wconf 89' lang='lat' dir='ltr'>Dei</span> 
     </span>
     <span class='ocr_line' id='line_1_35' title="bbox 67 2935 922 2989; baseline 0 -15"><span class='ocrx_word' id='word_1_306' title='bbox 67 2939 168 2986; x_wconf 80' lang='lat' dir='ltr'>moventis,</span> <span class='ocrx_word' id='word_1_307' title='bbox 192 2940 249 2989; x_wconf 75' lang='lat' dir='ltr'>«quia</span> <span class='ocrx_word' id='word_1_308' title='bbox 268 2939 348 2977; x_wconf 91' lang='lat' dir='ltr'>intentio</span> <span class='ocrx_word' id='word_1_309' title='bbox 363 2936 401 2976; x_wconf 90' lang='lat' dir='ltr'>Dei</span> <span class='ocrx_word' id='word_1_310' title='bbox 422 2936 506 2976; x_wconf 88' lang='lat' dir='ltr'>deficere</span> <span class='ocrx_word' id='word_1_311' title='bbox 527 2948 566 2975; x_wconf 89' lang='lat' dir='ltr'>non</span> <span class='ocrx_word' id='word_1_312' title='bbox 586 2942 671 2986; x_wconf 80' lang='lat' dir='ltr'>potest».</span> <span class='ocrx_word' id='word_1_313' title='bbox 706 2935 773 2975; x_wconf 91' lang='lat' dir='ltr'>Habet</span> <span class='ocrx_word' id='word_1_314' title='bbox 793 2948 840 2986; x_wconf 88' lang='lat' dir='ltr'>ergo</span> <span class='ocrx_word' id='word_1_315' title='bbox 862 2936 922 2986; x_wconf 87' lang='lat' dir='ltr'>gratia</span> 
     </span>
    </p>
   </div>
   <div class='ocr_carea' id='block_1_7' title="bbox 67 3011 651 3159">
    <p class='ocr_par' dir='ltr' id='par_1_13' title="bbox 67 3011 651 3159">
     <span class='ocr_line' id='line_1_36' title="bbox 67 3011 641 3065; baseline 0.002 -16"><span class='ocrx_word' id='word_1_316' title='bbox 67 3014 245 3052; x_wconf 87' lang='lat' dir='ltr'>necessitatem</span> <span class='ocrx_word' id='word_1_317' title='bbox 258 3013 374 3065; x_wconf 87' lang='lat' dir='ltr'>inquantum</span> <span class='ocrx_word' id='word_1_318' title='bbox 390 3017 432 3051; x_wconf 83' lang='lat' dir='ltr'>«est</span> <span class='ocrx_word' id='word_1_319' title='bbox 446 3025 457 3050; x_wconf 89' lang='lat' dir='ltr'>a</span> <span class='ocrx_word' id='word_1_320' title='bbox 471 3011 514 3050; x_wconf 89' lang='lat' dir='ltr'>Deo</span> <span class='ocrx_word' id='word_1_321' title='bbox 528 3017 641 3050; x_wconf 76' lang='lat' dir='ltr'>moventev.</span> 
     </span>
     <span class='ocr_line' id='line_1_37' title="bbox 88 3118 651 3159; baseline 0 -8"><span class='ocrx_word' id='word_1_322' title='bbox 88 3119 94 3141; x_wconf 91' lang='lat'>1</span> <span class='ocrx_word' id='word_1_323' title='bbox 109 3122 213 3159; x_wconf 85' lang='lat' dir='ltr'>Quaestiones</span> <span class='ocrx_word' id='word_1_324' title='bbox 225 3122 296 3152; x_wconf 81' lang='lat' dir='ltr'>diversae</span> <span class='ocrx_word' id='word_1_325' title='bbox 307 3122 328 3152; x_wconf 86' lang='lat' dir='ltr'>de</span> <span class='ocrx_word' id='word_1_326' title='bbox 339 3119 409 3151; x_wconf 85' lang='lat' dir='ltr'>Veritate</span> <span class='ocrx_word' id='word_1_327' title='bbox 421 3119 447 3158; x_wconf 72' lang='lat' dir='ltr'>Vl,</span> <span class='ocrx_word' id='word_1_328' title='bbox 460 3123 487 3151; x_wconf 87' lang='lat' dir='ltr'>art</span> <span class='ocrx_word' id='word_1_329' title='bbox 499 3127 508 3158; x_wconf 82' lang='lat'>3</span> <span class='ocrx_word' id='word_1_330' title='bbox 520 3119 541 3149; x_wconf 84' lang='lat' dir='ltr'>ad</span> <span class='ocrx_word' id='word_1_331' title='bbox 552 3128 567 3158; x_wconf 71' lang='lat'>3,</span> <span class='ocrx_word' id='word_1_332' title='bbox 579 3121 594 3149; x_wconf 87' lang='lat' dir='ltr'>et</span> <span class='ocrx_word' id='word_1_333' title='bbox 606 3118 626 3149; x_wconf 87' lang='lat' dir='ltr'>ad</span> <span class='ocrx_word' id='word_1_334' title='bbox 636 3128 651 3159; x_wconf 72' lang='lat'>4.</span> 
     </span>
    </p>
   </div>
   <div class='ocr_carea' id='block_1_8' title="bbox 87 3172 207 3261">
    <p class='ocr_par' dir='ltr' id='par_1_14' title="bbox 87 3172 207 3261">
     <span class='ocr_line' id='line_1_38' title="bbox 87 3172 207 3215; baseline 0.008 -9"><span class='ocrx_word' id='word_1_335' title='bbox 87 3172 94 3195; x_wconf 77' lang='lat'><strong>2</strong></span> <span class='ocrx_word' id='word_1_336' title='bbox 109 3176 144 3206; x_wconf 78' lang='lat' dir='ltr'>An.</span> <span class='ocrx_word' id='word_1_337' title='bbox 155 3176 180 3211; x_wconf 84' lang='lat' dir='ltr'>iv,</span> <span class='ocrx_word' id='word_1_338' title='bbox 193 3185 207 3215; x_wconf 73' lang='lat'>3.</span> 
     </span>
     <span class='ocr_line' id='line_1_39' title="bbox 87 3226 175 3261; baseline 0.023 -3"><span class='ocrx_word' id='word_1_339' title='bbox 87 3226 94 3248; x_wconf 78' lang='lat'>³</span> <span class='ocrx_word' id='word_1_340' title='bbox 110 3227 144 3261; x_wconf 83' lang='lat' dir='ltr'>Art.</span> <span class='ocrx_word' id='word_1_341' title='bbox 155 3229 175 3260; x_wconf 86' lang='lat' dir='ltr'>V.</span> 
     </span>
    </p>
   </div>
   <div class='ocr_carea' id='block_1_9' title="bbox 0 0 1094 3556">
    <p class='ocr_par' dir='ltr' id='par_1_15' title="bbox 0 0 1094 3556">
     <span class='ocr_line' id='line_1_40' title="bbox 0 0 1094 3556; baseline 0 2"><span class='ocrx_word' id='word_1_342' title='bbox 0 0 1094 3556; x_wconf 95' lang='lat' dir='ltr'> </span> 
     </span>
    </p>
   </div>
  </div>
 </body>
</html>
