2178 3556
31 176 138 232 1898,No.
154 190 171 220 2.
218 190 248 223 nn
258 190 340 224 aalma
352 189 434 223 cnmsrr
445 191 473 223 nr
484 192 513 225 na
525 193 600 227 anano
611 194 717 231 Anniano,
855 187 879 241 87

27 321 63 359 pro
77 308 133 348 bonis
147 310 246 360 operibus,
261 310 280 349 in
293 322 371 350 causam
385 316 405 349 et
417 322 533 351 consensum
547 311 648 353 Ecclesiae
662 315 748 354 omnium
758 315 879 356 saeculorum

27 383 138 424 aLuthero
156 385 284 437 interruptum
299 385 429 425 -inclinant
447 393 467 426 et
484 387 619 439 propendent;
641 395 662 428 et
679 388 730 428 haud
747 398 827 440 gravate
842 392 880 431 hoc

27 458 91 500 lacere
105 472 214 511 possumus,
229 462 308 513 propria
321 460 445 501 consessione
459 467 528 527 reppsp
542 475 581 502 non
595 462 746 505 contradicente.

79 769 249 810 Protestantismus
269 772 355 822 positive
376 769 463 818 credens,
489 783 542 822 ergo,
565 772 636 812 «tacita
657 771 804 814 reformatione»
828 776 879 815 intus

2 841 4 844 ’
27 852 142 893 commotus
154 845 219 897 quoad
231 846 339 886 doctrinam
351 845 377 886 de
387 845 449 896 gratia
458 844 530 885 Christi
540 852 560 885 et
570 846 596 886 de
609 846 671 886 libero
685 848 769 897 arbitrio,
785 849 879 900 paulatim

26 921 107 959 revertit
125 920 150 959 acl
169 922 265 973 principia
283 920 384 961 Ecclesiae
399 920 471 959 veteris
490 927 510 960 et
527 920 587 960 medii
605 922 655 970 aevi,
671 925 786 973 praesertim
800 937 837 975 per
852 926 879 965 in·

25 996 164 1036 staurationem
179 997 317 1048 principiorum
332 996 447 1044 ethicorum,
462 996 531 1047 quibus
546 995 659 1037 reformatio
670 998 741 1038 saeculi
751 998 805 1048 XVl,
816 1000 878 1050 qualis

26 1072 139 1124 principalis
160 1079 201 1112 erat
222 1074 262 1122 ejus
284 1072 350 1120 lorma,
372 1072 436 1111 locum
456 1072 503 1110 satis
522 1072 609 1123 amplum
628 1085 666 1112 non
684 1081 813 1115 concesserat.
841 1074 880 1114 Hic

25 1148 133 1187 animorum
154 1154 218 1187 motus
239 1156 259 1187 et
279 1148 359 1199 agitatio
381 1146 466 1186 nondum
486 1147 537 1187 finita
554 1155 590 1188 est.
624 1147 800 1199 Expostulationes
819 1151 879 1189 nostri

25 1225 126 1274 temporis,
142 1235 259 1275 quacunque
273 1236 299 1262 ex
312 1230 368 1274 parte
383 1222 436 1270 fiunt,
451 1235 531 1273 semper
546 1225 633 1271 iteratae,
652 1230 673 1262 ut
691 1223 744 1263 locus
762 1224 881 1264 concedatur

25 1298 93 1338 ethicis
110 1299 184 1338 ratione
201 1298 253 1347 fidei,
269 1298 368 1339 doctrinae
384 1304 403 1337 et
416 1299 516 1346 orationis,
531 1298 614 1338 eandem
633 1299 760 1349 agitationem
779 1305 879 1342 testantur.

77 1373 123 1413 Non
141 1374 182 1413 sine
199 1386 242 1424 spe,
261 1374 295 1413 sed
314 1380 334 1413 ut
351 1374 406 1414 nobis
424 1372 508 1421 videtur,
526 1373 581 1413 firma
598 1374 729 1425 promissione
742 1374 779 1413 hae
793 1375 880 1425 postula-

25 1450 87 1489 tiones
108 1446 219 1489 afferuntur.
247 1448 297 1488 Sunt
315 1449 366 1488 enim
384 1448 525 1499 postulationes
547 1449 724 1488 conscientiae.
752 1448 805 1489 Nihil
826 1450 878 1490 aliud

24 1533 120 1577 appetere
131 1537 190 1576 quam
202 1525 296 1574 justitiam
311 1530 437 1563 externam
452 1529 526 1562 tantum
540 1524 687 1575 imputatam
702 1537 740 1563 non
752 1525 792 1574 jam
801 1523 878 1566 sufficit.

24 1599 69 1639 Non
84 1600 180 1651 aquiescit
193 1599 312 1639 conscientia
325 1599 361 1638 nisi
376 1599 481 1648 injustitia
496 1599 571 1637 interna
585 1606 605 1638 et
624 1600 728 1639 essentiali.
755 1600 855 1639 Aberrant
869 1614 879 1640 a

24 1688 85 1727 scopo
100 1675 197 1726 religioso¹
213 1687 296 1726 quorum
310 1675 377 1713 unicus
391 1672 433 1711 finis
448 1681 478 1712 est
494 1673 594 1713 hominem
615 1675 687 1713 honum
708 1674 792 1714 uideri
813 1688 879 1715 coram

24 1750 68 1790 Deo
77 1756 162 1802 propter
173 1751 267 1800 justitiam
276 1751 398 1800 imputatam,
413 1761 452 1787 non
464 1754 528 1787 autem
543 1762 599 1788 esse
613 1755 696 1800 propter
707 1750 802 1799 justitiam
813 1750 879 1789 inhae-

24 1832 105 1866 rentem¹
133 1824 219 1865 Postulat
234 1825 356 1872 conscientia,
371 1836 407 1863 nos
420 1823 482 1862 bonos
497 1821 560 1871 sieri,
576 1824 636 1863 immo
651 1823 750 1874 perfectos
765 1824 813 1872 fieri,
827 1826 879 1864 sicut

24 1909 44 1941 et
57 1901 115 1941 Pater
135 1909 200 1941 noster
221 1901 310 1940 coelestis
330 1898 429 1950 perlectus
451 1898 501 1940 est.1
528 1898 569 1938 Sed
591 1898 639 1950 quid
660 1899 731 1938 multa?
758 1899 815 1938 Talia
832 1912 878 1939 con-

24 1978 104 2016 scicntia
118 1990 157 2015 non
171 1977 266 2015 submissa
279 1988 328 2015 voce
342 1980 429 2021 testatur,
444 1973 479 2013 sed
493 1975 539 2013 satis
553 1982 623 2025 aperte
636 1974 727 2013 clamat.

75 2052 98 2092 Si
111 2059 177 2091 autem
186 2051 293 2091 Doctorem
308 2061 423 2102 quaeramus
437 2049 560 2100 singularem,
575 2056 620 2089 ante
634 2050 703 2088 rimam
717 2049 770 2088 illam
786 2062 877 2100 magnam

23 2129 95 2167 saeculi
109 2126 158 2167 XVI
172 2129 278 2174 uiuentem,
298 2128 352 2176 cujus
369 2137 413 2165 cum
432 2124 519 2163 doctrina
538 2124 563 2164 de
580 2126 642 2176 gratia
657 2124 727 2163 Christi
742 2130 762 2163 et
776 2124 801 2163 de
815 2124 877 2163 libero

23 2204 102 2243 arbitrio
116 2204 138 2250 iS,
153 2202 177 2241 de
192 2215 232 2253 quo
247 2201 336 2249 diximus,
352 2207 415 2240 motus
429 2200 531 2250 religiosus
545 2207 564 2239 et
579 2200 654 2239 ethicus
666 2200 685 2238 in
696 2212 726 2247 eo,
736 2198 789 2251 quod
800 2205 878 2250 spectat

23 2285 43 2317 et
63 2278 156 2330 sequitur,
177 2291 225 2328 prae
246 2279 315 2317 ceteris
336 2275 448 2322 concordet,
469 2276 510 2314 sine
532 2275 592 2315 dubio
612 2274 741 2314 nominandus
757 2280 787 2313 est
802 2273 877 2313 Doctor

22 2354 129 2404 Angelicus
144 2352 164 2392 S.
178 2352 289 2393 Thomas.

43 2461 49 2484 ¹
63 2462 113 2496 Math.
126 2467 134 2501 5
151 2460 176 2500 48.
