2178 3556
76 216 132 270 1898.
147 215 185 259 No.
200 227 218 257 2.
261 228 290 260 on
301 228 383 260 onnam
395 227 478 260 cnmsrr
489 226 517 259 m
528 226 557 258 on
568 225 644 257 tireno
656 224 762 257 instratu.

705 274 927 286 Μ

420 342 575 379 Corollarium.

126 429 183 469 Haud
205 430 284 470 dubium
305 437 343 480 est,
367 431 413 482 quid
434 431 470 470 sibi
490 431 550 470 velint
570 431 606 469 hae
623 429 767 468 dissertationes
788 423 877 475 Angelici
900 422 925 462 de

73 506 156 544 essentia
170 506 248 556 gratiae
275 506 363 546 Graviter
377 504 473 545 affirmare
487 505 528 545 vult
548 512 620 551 auctor,
642 502 695 555 quod
718 502 775 541 etiam
792 498 817 538 de
836 497 874 538 fide
889 504 924 545 est,

73 579 153 630 gratiam
174 578 245 620 Christi
265 594 303 620 non
324 593 367 620 esse
387 582 555 632 participationem
575 579 612 619 Dei
634 577 747 617 moralem
768 574 869 621 duntaxat,
890 572 924 612 sed

73 653 164 693 realem
179 664 199 694 et
213 654 350 705 physicam,
366 668 404 695 uon
418 655 538 696 materialem
553 654 632 707 quidem
646 651 681 692 sed
692 651 743 691 idem
753 648 806 701 quod
816 649 924 699 Apostolus

72 729 240 780 participationem
263 730 350 771 «divinae
371 730 475 771 naturael¹
496 737 560 778 vocat,
581 742 628 780 ergo
649 728 818 780 participationem
841 723 925 774 aliquam

71 805 131 853 ipsius
145 803 182 844 Dei
196 806 297 845 essentiae.
327 805 429 846 «Similiter
443 808 529 845 omnium
544 805 679 856 theologorum
694 802 790 841 sententia
806 798 870 847 relert,
886 799 926 839 dari

71 878 158 917 innubis
177 879 251 919 habitus
270 879 341 920 inlusos
359 887 378 920 et
397 883 477 921 virtutes
493 880 618 931 theologicas
634 879 704 930 quibus
719 876 818 916 elevamur
832 873 857 914 ad
872 881 926 914 actus

71 956 276 1003 supernaturales
298 956 408 1003 eliciendos,
430 963 531 1007 tamquam
551 956 674 1006 principia
697 951 773 992 realia
796 956 820 990 et
842 951 925 989 intrin-

71 1026 159 1067 secal²
189 1027 215 1068 Et
235 1032 278 1081 ipse
298 1029 319 1072 S.
340 1030 428 1070 Thomas
450 1030 517 1070 definit
537 1030 574 1070 alio
595 1030 638 1069 loco
660 1028 733 1068 donum
754 1028 827 1078 gratiae
849 1025 925 1064 dicens:

73 1101 135 1142 »Nihil
149 1103 199 1143 aliud
215 1112 245 1144 est
259 1118 318 1157 quarn
332 1105 430 1157 quaedam
445 1107 567 1157 participatio
582 1105 657 1144 divinae
673 1100 785 1143 naturae.»3
806 1099 842 1140 Et:
859 1099 925 1139 «Deus

71 1177 176 1218 deificat
195 1180 357 1219 communicando
374 1183 492 1220 consortium
510 1180 586 1220 divinae
602 1177 715 1219 naturae.1›4
741 1177 805 1227 Quam
821 1175 925 1215 realissime

71 1266 118 1305 ergo
131 1253 237 1306 Angelicus
252 1257 342 1295 unionem
357 1257 460 1307 mysticam
474 1257 549 1295 animae
564 1267 607 1294 cum
622 1254 666 1293 Deo
680 1250 836 1304 comprehendit.

429 1435 567 1472 Consensus.

122 1520 268 1572 Disputationes
278 1523 299 1562 S.
309 1522 399 1563 Thomae
409 1524 434 1563 de
447 1525 540 1563 «essentia
550 1524 634 1574 gratiae»
646 1521 712 1574 quoad
723 1534 763 1561 rem
778 1534 817 1560 uon
832 1520 924 1559 differunt

70 1597 94 1635 ab
108 1598 135 1645 iis,
150 1610 201 1648 quae
216 1597 263 1637 iufra
278 1600 360 1650 exponit
374 1599 399 1637 de
416 1600 487 1650 «gratia
501 1597 582 1643 inlusa»,
596 1599 614 1637 in
629 1598 699 1648 quibus
714 1603 734 1636 et
748 1608 782 1635 nos
796 1595 845 1635 inira
861 1608 924 1634 mora-

70 1672 138 1712 bimur.
167 1672 232 1712 Gratia
248 1686 286 1712 non
301 1680 330 1713 est
343 1674 404 1713 modo
418 1674 489 1725 aliquid
509 1680 582 1713 extra
598 1686 639 1722 nos,
654 1686 692 1712 non
707 1671 766 1711 modo
779 1670 872 1721 judicium
887 1670 923 1710 Dei

69 1746 97 1786 de
116 1748 192 1795 nobis,
209 1748 245 1787 sed
260 1756 290 1788 est
304 1748 375 1800 aliquid
390 1751 411 1788 in
425 1750 486 1796 nobis,
501 1748 572 1799 aliquid
587 1748 640 1787 nobis
660 1748 736 1787 realiter
753 1747 885 1786 inhaerens
903 1752 924 1785 et

69 1825 91 1861 in
106 1823 159 1861 nobis
174 1821 251 1863 efficax.

122 1896 249 1946 Consentiunt
264 1897 300 1938 SS.
318 1898 391 1950 Patres,
410 1901 492 1951 gratiam
511 1899 642 1939 describentes
664 1898 771 1938 secuudum
792 1899 922 1948 imaginem

67 1970 136 2020 Dei,5
156 1973 186 2011 vel
205 1973 299 2013 docentes
318 1977 410 2025 «gratiam
429 1987 471 2014 esse
490 1974 588 2025 quendam
609 1974 720 2013 haustum
741 1972 860 2024 Spiritus,
883 1985 922 2024 quo

68 2046 177 2087 conteratur
190 2061 242 2088 mors
261 2052 360 2088 criminum
375 2056 396 2089 et
409 2052 449 2089 vita
465 2049 591 2089 uirtutum».6
619 2048 686 2089 «Sicut
705 2047 796 2088 cernendi
813 2050 841 2086 vis
860 2050 922 2087 estin

67 2122 124 2161 oculo
138 2136 191 2170 sano,
206 2125 234 2162 sic
248 2126 336 2175 operatio
350 2124 466 2175 Spiritusvin
481 2127 544 2164 anima
562 2131 650 2175 purgata,
669 2130 687 2163 et
707 2122 875 2176 quemadmodum
893 2135 922 2162 ars

67 2199 129 2236 estin
144 2211 168 2237 eo
182 2201 215 2249 qui
229 2206 297 2238 nactus
311 2205 341 2239 est
354 2199 412 2250 illam,
427 2202 453 2240 ita
467 2203 528 2251 gratia
538 2199 620 2251 Spiritus
634 2202 653 2239 in
669 2213 694 2239 eo
707 2201 740 2250 qni
753 2201 833 2250 recepit,
843 2211 923 2248 semper

67 2272 192 2323 praeseus.»7

121 2349 234 2387 «Formatnr
247 2351 293 2388 item
303 2352 321 2389 in
330 2349 391 2389 filium
400 2350 438 2390 Dei
451 2351 594 2403 intelligibiliter
607 2349 719 2390 informatus
734 2349 841 2388 divinarum
856 2350 921 2400 legum

67 2424 145 2463 scientia
167 2423 190 2462 ad
211 2426 299 2474 speciem
319 2423 445 2477 effigiemque
466 2426 603 2473 excellentem,
625 2439 676 2477 quae
699 2426 791 2464 virtutum
814 2431 884 2463 ornatu
903 2426 922 2462 in

67 2499 129 2537 anima
143 2499 224 2538 hominis
242 2500 354 2540 inhaeret
372 2513 395 2540 ac
412 2500 551 2541 insidet
573 2500 698 2540 Formatur
718 2505 797 2539 autem
815 2501 836 2538 in
850 2499 921 2538 nobis

67 2573 187 2621 Christus,
205 2573 278 2614 Sancto
293 2574 366 2626 Spiritu
384 2577 439 2615 nobis
454 2576 538 2615 divinam
553 2575 650 2627 quandam
666 2574 748 2615 formam
766 2588 802 2626 per
816 2573 922 2614 sanctitica-

67 2650 140 2688 tionem
155 2655 175 2688 et
186 2650 280 2698 justitiam
295 2649 380 2698 indente,
395 2652 422 2690 sic
436 2653 487 2691 enim
501 2652 520 2690 in
537 2652 603 2690 animis
622 2652 691 2689 nostris
710 2650 774 2690 elucet
794 2651 922 2690 character

66 2724 219 2764 substantiae
234 2723 311 2764 Deil⁸

88 2850 95 2873 ¹
109 2852 164 2884 IlPtr.
177 2861 190 2891 r,
202 2863 217 2893 4.

86 2903 94 2927 2
108 2906 185 2945 Saroni,
201 2907 219 2937 In
237 2907 317 2938 Summam
331 2907 438 2946 theologicam
454 2907 484 2941 Tb.
498 2906 530 2946 Aq.
546 2908 567 2938 de
580 2907 628 2946 gratia
642 2906 701 2937 Christi
717 2907 836 2940 Praelectioues.
862 2907 922 2937 Romae

110 2959 154 2993 1886.
176 2960 193 2990 P.
205 2967 229 3000 97.

86 3011 94 3033 ³
108 3013 138 3050 Qu.
151 3012 193 3044 CXII
204 3014 239 3047 Art.
251 3013 262 3050 i,
273 3023 288 3053 3.

87 3064 94 3087 4
108 3066 147 3099 Ibid.

87 3118 94 3140 5
108 3119 123 3152 S.
135 3120 233 3151 irenaeus
244 3120 288 3152 Adv.
300 3119 371 3150 haereses
383 3118 418 3152 Lib.
430 3119 450 3158 V,
462 3128 495 3158 cap.
507 3120 517 3150 6
528 3117 577 3160 (apud
588 3120 644 3150 Satolli
656 3120 666 3153 l.
679 3130 691 3152 e.
703 3130 718 3159 p.
731 3119 763 3161 88).

87 3171 94 3194 ⁶
109 3173 124 3203 S.
136 3173 247 3213 Cyprianus
260 3172 288 3213 Ep.
300 3172 317 3211 Π,
329 3172 355 3204 lib.
367 3180 377 3202 a
389 3171 446 3210 (Ibida

87 3223 94 3247 l
107 3226 122 3259 S.
134 3227 222 3257 Basilius
233 3226 269 3258 Lib.
281 3227 301 3257 de
312 3226 364 3266 Spirit.
376 3229 425 3257 sanet.
448 3226 486 3264 Cap.
497 3226 522 3257 ab.
545 3224 597 3268 (ibid.)

88 3276 95 3303 ὃ
109 3280 124 3315 S.
137 3280 225 3321 Cyrillus
237 3281 254 3311 in
265 3279 300 3313 lsai.
311 3280 338 3312 Or.
350 3289 365 3313 2.
388 3278 440 3324 [ibid.)
