2178 3556
74 216 129 269 1898.
144 214 183 255 No.
198 226 215 255 2,
264 227 294 259 be
305 229 388 260 ouant
400 229 482 261 cuursu
493 228 521 261 ur
533 228 561 261 on
573 228 649 260 trenno
662 228 768 260 aanrrmo.
903 226 927 267 27

126 355 143 383 2.
160 342 232 384 (strum
240 344 315 395 gretia
323 346 462 385 convenienter
468 353 508 397 per
517 351 632 397 operantem
640 350 660 384 et
667 352 804 397 cooperantem
811 345 926 384 dividuam

127 428 311 481 «Augustinusl
328 430 382 470 dicit:
401 431 564 481 Cooperando
579 430 632 470 Deus
647 434 666 470 in
683 432 738 470 nobis
755 430 855 481 perlicit
873 431 926 485 quod

72 504 202 556 operando
220 507 314 556 incoepit;
332 507 377 557 quia
391 508 434 556 ipse
448 513 472 545 ut
486 507 568 545 velimus
582 513 675 556 operatur
688 507 787 556 incipiens,
802 507 847 557 quia
861 508 927 546 uolen-

71 581 121 619 tibus
136 587 254 630 cooperatur
267 579 404 632 perficiens.»2

126 654 203 694 «Gratia
221 662 288 706 potest
305 655 408 707 dupliciter
425 656 512 708 intelligi:
534 669 572 695 uno
590 656 650 695 morlo
669 655 755 695 diuinum
773 655 872 704 aruinum,
887 669 927 706 quo

71 743 106 770 nos
121 737 188 769 moret
204 730 228 770 ad
246 731 297 770 bene
315 731 421 771 volendum
439 737 459 771 et
476 731 585 783 agendum
607 731 644 770 alio
663 730 722 770 modo
741 730 837 769 habituale
854 730 927 769 donum

71 805 126 845 nobis
139 804 229 845 divinitus
244 805 343 847 inditum.»

126 880 158 919 «ln
172 880 204 919 illo
219 880 290 920 effectu
305 883 323 920 in
338 893 377 933 quo
396 894 452 920 mens
469 888 534 921 nostra
551 887 581 920 est
599 887 652 920 mota
667 887 690 920 et·
701 893 739 920 non
754 892 842 927 monem,
863 880 927 919 solus

71 962 150 995 autem
164 954 229 995 Deus
244 968 350 1004 movens,
365 958 455 1006 operatio
466 955 508 996 Deo
523 957 639 995 attribuitur:
655 968 678 995 ac
691 955 799 995 secundum
811 956 849 995 hoc
859 954 929 995 dicitur

70 1032 148 1081 gratia
166 1043 278 1081 operans.
306 1031 326 1070 ln
344 1031 376 1070 illo
390 1037 456 1070 autem
471 1030 541 1070 ellectu
556 1033 574 1070 in
589 1044 628 1082 quo
643 1043 698 1070 mens
712 1037 778 1070 nostra
793 1035 812 1069 et
826 1038 893 1069 mouet
908 1037 928 1070 et

70 1113 166 1153 movetur,
179 1108 268 1156 operatio
278 1119 317 1145 non
326 1106 388 1145 solum
399 1107 507 1145 attribuitur
517 1105 567 1154 Deo,
577 1106 612 1145 sed
623 1107 680 1145 etiam
690 1108 766 1145 animae
770 1122 775 1153 ς
790 1111 809 1145 et
819 1105 927 1145 secundum

70 1180 108 1220 hoc
122 1180 191 1220 dicitur
204 1183 284 1232 gratia
299 1192 443 1232 cooperans!
467 1180 503 1220 Est
512 1188 577 1220 autem
592 1183 610 1220 in
625 1181 679 1220 uobis
689 1180 766 1231 duplex
776 1187 838 1220 actus:
854 1182 927 1230 primus

70 1255 151 1307 quidem
171 1257 250 1295 interior
270 1256 382 1302 voluntatis5
405 1263 424 1296 et
445 1262 538 1308 quantum
558 1255 581 1295 ad
604 1258 660 1295 istum
677 1261 742 1295 actum
764 1255 879 1295 uoluntas
901 1268 927 1295 se

70 1331 143 1371 habet
164 1338 189 1370 ut
209 1337 281 1378 mota,
303 1331 357 1371 Deus
376 1339 442 1371 autem
461 1338 482 1370 ut
495 1344 583 1378 movens,
598 1339 619 1371 et
633 1333 747 1382 praesertim
762 1344 822 1383 quum
837 1331 927 1370 uoluntas

69 1408 136 1457 incipit
153 1407 225 1446 bonum
244 1407 301 1453 uelle,
319 1420 370 1459 quae
389 1409 441 1458 prius
459 1408 530 1446 malum
549 1407 630 1446 uolebat
647 1414 668 1445 et
684 1406 735 1452 ideo,
750 1406 857 1446 secundum
872 1405 926 1457 quod

69 1481 134 1521 Deus
153 1489 235 1521 movet
252 1482 376 1521 humanam
396 1489 498 1522 mentem
518 1482 546 1521 ad
561 1483 623 1522 hunc
637 1489 725 1529 actum,
741 1481 833 1521 dicitur
847 1483 927 1532 gratia

69 1570 179 1608 operans.
201 1557 258 1596 Alius
268 1564 333 1597 autem
348 1564 401 1597 actus
416 1564 446 1597 est
459 1559 550 1605 exterior,
565 1559 597 1609 qui
610 1571 671 1609 quum
681 1570 692 1597 a
702 1557 802 1596 voluntate
811 1559 925 1608 imperetur,

69 1645 192 1684 consequens
206 1640 236 1672 est
251 1632 304 1684 quod
319 1633 344 1672 ad
357 1634 410 1672 hunc
423 1639 487 1672 actum
503 1635 591 1683 operatio
609 1633 723 1673 attribuatur
744 1631 871 1683 voluntJati.
900 1631 926 1671 Et

69 1710 115 1760 quia
129 1709 189 1747 etiam
204 1708 227 1748 ad
243 1709 294 1748 bunc
304 1714 368 1747 actum
379 1708 433 1748 Deus
443 1722 478 1748 nos
488 1709 573 1758 adjurat,
589 1714 609 1748 et
623 1711 701 1748 interius
715 1707 849 1748 confirmando
858 1709 927 1747 volun-

69 1790 135 1831 tatem,
150 1790 171 1822 ut
185 1783 208 1822 ad
224 1790 288 1822 actum
308 1786 414 1833 perveniat,
432 1790 451 1823 et
466 1786 552 1823 exterius
569 1782 680 1822 facultatem
695 1782 790 1834 operandi
804 1783 925 1834 praebendo,

68 1866 160 1908 respectu
174 1857 286 1907 hujusmodi
299 1864 352 1898 actus
367 1858 436 1898 dicitur
454 1861 529 1910 gratia
548 1871 705 1909 cooperansu

123 1933 167 1973 «Sic
188 1936 245 1984 igitur
266 1934 366 1973 habitualis
388 1936 457 1985 gratia,
483 1936 505 1972 in
529 1941 644 1988 quantum
667 1936 769 1973 animam
791 1940 862 1973 sanat
885 1933 923 1972 uel

65 2008 197 2059 justificat,
219 2011 271 2048 sive
292 2015 386 2060 gratam
404 2008 455 2048 Deo
473 2008 539 2057 lacit,
562 2008 652 2048 dicitur
672 2011 750 2059 gratia
770 2021 883 2060 operans;
905 2009 924 2046 in

68 2091 162 2134 quantum
177 2097 225 2124 vero
240 2091 270 2123 est
284 2086 400 2135 principium
415 2086 479 2134 operis
493 2086 590 2132 meritorii,
606 2084 670 2136 quod
686 2097 717 2123 ex
730 2084 808 2123 libero
823 2083 924 2122 arbitrio

67 2159 188 2210 procedit,
210 2159 298 2199 dicitur
318 2172 474 2210 cooperans»

122 2235 188 2275 «Deus
207 2248 254 2275 non
272 2237 324 2274 sine
344 2235 414 2275 nobis
435 2248 470 2274 nos
488 2234 589 2284 justificat,
616 2236 661 2286 quia
681 2247 725 2285 per
745 2240 832 2273 motum
853 2233 924 2273 liberi

67 2311 175 2358 arbitrii,
197 2310 244 2349 dum
264 2310 398 2360 justificamur,
414 2310 452 2349 Dei
467 2312 552 2359 justitiae
566 2311 703 2349 consentimus.
732 2309 766 2349 llle
781 2317 845 2348 tamen
859 2315 924 2347 motus

67 2398 106 2425 non
120 2391 150 2424 est
163 2398 234 2425 causa
249 2387 327 2436 gratiae,
342 2385 377 2424 sed
393 2384 512 2433 ellectus;
534 2385 597 2424 unde
614 2391 668 2424 tota
684 2386 798 2435 operatio
815 2386 924 2435 pertinet

67 2460 95 2499 ad
116 2463 239 2512 gratiam»

122 2536 198 2576 «Gratia
216 2549 301 2587 operans
319 2543 339 2574 et
355 2548 463 2586 cooperans
481 2541 511 2574 est
529 2535 598 2575 eadem
615 2537 686 2586 gratia,
708 2535 743 2573 sed
758 2535 880 2586 distinguitur
894 2548 924 2574 se-

66 2612 150 2651 cundum
165 2611 253 2651 diversos
268 2609 381 2651 effectuum

120 2763 137 2803 3.
165 2750 239 2790 Uirum
250 2751 325 2802 gretie
339 2750 478 2789 convenienter
490 2749 601 2789 dividatur
614 2750 636 2789 ie
650 2750 812 2801 praevenientem
827 2755 846 2788 et
858 2750 923 2789 subse-

66 2831 162 2875 orientem,

121 2911 153 2951 «ln
167 2913 215 2962 psal.
232 2912 263 2964 58,
281 2923 301 2950 11
318 2911 396 2963 legitur:
416 2910 547 2951 Misericordia
564 2912 606 2960 ejus
624 2913 740 2961 praeveniet
757 2924 796 2958 me;
812 2913 922 2958 etiterum,

65 2986 84 3024 in
98 2987 147 3036 psal.
163 2998 193 3035 22,
209 2985 229 3026 6:
244 2986 375 3026 Misericordia
390 2988 431 3035 ejus
444 2987 575 3037 ”subsequetur
586 2999 623 3026 me.
645 2984 699 3037 Ergo
709 2988 770 3038 gratia
784 2989 923 3026 conuenienter·

66 3058 157 3100 dividitur
170 3064 189 3101 in
203 3064 408 3113 praevenientem
421 3068 442 3100 et
457 3062 665 3112 subsequentem»

66 3136 224 3143 ————

87 3175 93 3198 1
108 3177 133 3208 De
143 3181 181 3217 grat.
193 3182 209 3210 et
220 3180 248 3212 lib,
259 3179 312 3212 arbitr.
335 3180 373 3219 Cap,
386 3187 409 3219 17.

86 3228 93 3251 2
107 3231 143 3265 Art.
154 3231 172 3268 H,
184 3242 198 3272 4.

87 3281 94 3306 ³
108 3283 143 3317 Art,
155 3284 173 3324 ΙΙ,
184 3295 199 3329 4,
