2178 3556
47 231 101 285 1898.
116 231 154 272 No.
170 244 187 273 2.
233 245 261 277 nn
273 245 355 278 suarm
368 245 449 278 cnmsrr
461 245 489 277 ΕΤ
500 245 529 277 nn
540 245 616 276 crunno
628 245 733 278 nnarmro.
874 235 898 287 83

44 367 65 401 et
77 359 215 410 schismaticos,
230 363 263 413 qni
277 375 320 402 cum
330 362 409 415 Pelagio
421 362 536 412 sentiebant,
547 364 643 413 iactantes
655 376 677 403 se
687 365 818 404 remissionem
829 377 899 415 pecca-

44 442 107 476 torum
122 440 192 477 mereri
205 450 265 488 posse
279 440 317 477 suis
332 440 415 489 propriis
428 438 525 489 operibus,
539 445 587 490 puta
596 437 734 478 Nominalistas
747 438 795 477 illins
805 441 898 490 temporis

44 513 158 551 -exitum
180 512 262 553 fortasse
283 513 433 565 pulcherrimum
450 514 505 555 labor
522 516 564 565 ejus
581 513 686 561 habuisset,
703 512 794 553 uidelicet
807 513 899 555 reforma-

44 588 117 626 tionem
130 585 231 628 Ecclesiae
245 601 255 628 a
271 595 326 640 parte
340 591 424 630 interiori
437 597 457 630 et
470 590 513 630 sine
529 590 576 629 rima
592 588 624 629 illa
639 588 720 636 funesta,
734 602 773 640 qua
787 589 856 629 inflicta
870 597 899 631 est

44 662 159 703 insaecula.

97 736 138 778 Sed
159 740 240 792 vestigia
256 739 277 780 S.
292 740 312 781 S.
330 740 408 782 Panum
430 749 450 782 et
470 742 577 782 doctrinam
596 739 696 781 Ecclesiae
717 739 775 791 plane
797 739 900 792 dereliquit

43 812 146 862 Lutherns,
168 815 302 856 vehementius
322 829 381 868 quam
402 819 471 858 rectius
493 819 609 869 impugnans
626 829 664 855 nou
680 816 741 855 solum
761 815 848 864 abusum,
863 816 898 856 scd

44 890 102 929 etiam
117 903 172 929 nsum
187 889 287 931 doctrinae
301 891 325 931 de
339 893 415 932 merito.
443 892 549 932 Notionem
564 894 615 932 enim
630 892 692 931 meriti
706 892 725 930 in
738 892 796 931 rebus
807 890 899 942 religiosis

43 963 140 1005 Lutherus
155 967 212 1017 plane
227 980 266 1007 non
280 968 363 1008 admittit
381 970 416 1008 nisi
432 981 473 1008 rem
488 969 507 1007 in
522 969 589 1018 jocum
603 967 634 1007 vel
650 967 748 1018 sophisma
763 964 841 1018 aliquod
856 979 900 1006 ver-

44 1045 95 1080 tens:
112 1039 189 1081 «Wenn
203 1044 239 1081 wir
252 1056 288 1082 nur
302 1042 335 1083 das
346 1043 408 1083 Stiich
423 1045 461 1083 rein
477 1043 571 1090 erhalteu,
586 1042 630 1082 dass
641 1054 661 1082 es
676 1042 743 1081 nicht
756 1041 898 1089 Verdienst,

44 1114 128 1156 sondern
143 1117 187 1156 eitel
202 1116 272 1157 Gnade
292 1119 337 1166 sei,
358 1131 380 1157 so
398 1118 471 1159 rnollen
489 1120 526 1157 wir
542 1118 594 1157 nicht
613 1116 697 1165 fechten,
712 1117 738 1156 ob
752 1129 798 1155 man
812 1116 850 1155 den
864 1115 900 1156 fol-

44 1190 122 1243 genden
135 1191 232 1231 Friichten
246 1191 285 1231 den
298 1192 389 1233 Namen
402 1194 465 1246 gebel
481 1205 501 1233 a:
522 1192 578 1232 «dass
592 1192 655 1232 man’s
670 1194 726 1232 einen
739 1191 846 1232 Verdienst
861 1191 899 1230 und

43 1265 100 1306 Lohn
114 1266 209 1306 hehse.»l
235 1266 314 1307 Mutatis
327 1269 400 1308 verbis:
422 1267 516 1308 Vocem
537 1269 599 1307 meriti
617 1274 637 1307 et
650 1266 746 1307 mercedis
760 1267 806 1306 licet
820 1266 900 1317 quidem

46 1348 152 1390 teneamus,
167 1341 202 1382 sed
216 1355 240 1382 eo
254 1354 318 1391 sensu,
333 1349 354 1382 ut
371 1346 462 1383 meritum
479 1344 519 1394 jam
538 1356 577 1382 non
591 1343 616 1382 sit
629 1344 719 1381 meritum
734 1348 754 1381 et
768 1354 842 1383 merces
858 1343 900 1392 jam

46 1429 84 1456 non
98 1416 197 1457 mereest2

97 1490 127 1532 Re
148 1506 201 1541 vera,
222 1493 328 1533 secundum
342 1493 455 1542 Luthernm,
474 1494 539 1534 omnia
556 1506 618 1544 opera
635 1493 718 1532 humana
736 1504 815 1543 prorsus
834 1499 900 1532 carent

44 1580 82 1617 per
94 1579 116 1607 se
130 1570 183 1607 omni
197 1570 270 1608 ratione
284 1570 346 1619 pretii,
361 1570 402 1608 sinc
417 1569 455 1608 ullo
469 1569 579 1608 discrimine
593 1569 636 1619 pius
651 1580 675 1607 an
689 1569 759 1618 impius
774 1569 798 1606 sit
810 1580 899 1618 operans.

97 1640 155 1682 Nova
169 1650 189 1683 et
199 1643 222 1682 ab
231 1643 320 1684 Ecclesia
333 1657 412 1695 prorsus
427 1645 488 1684 aliena
503 1651 544 1684 erat
559 1644 647 1684 doctrina
660 1642 746 1691 Lutheri,
761 1645 826 1683 omnia
840 1656 901 1694 opera

45 1719 128 1758 humana
143 1731 186 1759 esse
203 1732 241 1770 per
258 1732 280 1759 se
297 1719 326 1759 vel
348 1719 519 1759 indifferentia
540 1720 572 1759 vel
592 1721 673 1771 proprie
694 1719 760 1758 nihil:
783 1717 900 1758 Docendum

45 1806 93 1840 esse,
111 1793 167 1834 «dass
181 1793 211 1834 fiir
224 1794 273 1834 Gott
290 1795 333 1835 hein
347 1795 409 1835 Werk
430 1796 498 1836 besses
517 1800 576 1843 uvare,
598 1794 651 1834 denn
672 1794 706 1834 das
725 1794 804 1841 andere,
822 1794 900 1842 sonder,

44 1868 88 1909 dass
109 1872 137 1909 sie
158 1870 219 1909 durch
236 1870 276 1910 den
289 1870 377 1911 Glauhen
396 1872 433 1911 alle
452 1871 517 1923 gleich
530 1869 646 1911 uiirden».3
675 1869 707 1909 «ln
722 1869 796 1910 diesem
811 1869 900 1910 Glanben

44 1944 126 1985 werden
140 1946 177 1985 alle
191 1944 265 1986 Werke
279 1947 342 1998 gleich
357 1947 395 1986 und
410 1949 434 1987 ist
448 1949 500 1987 eines
515 1949 553 1987 wie
568 1946 602 1986 das
617 1945 722 1986 andere.»4

100 2020 162 2061 «Kein
180 2020 242 2061 Werk
263 2024 316 2062 eines
333 2022 445 2069 Menschen,
467 2022 552 2062 sondern
573 2022 641 2062 alleine
660 2021 730 2061 Gottes
748 2019 823 2060 Werke
844 2019 899 2059 sind

44 2095 152 2139 etwas.»5

96 2171 129 2212 Ab
143 2171 231 2213 Ecclesia
245 2174 307 2213 aliena
321 2181 362 2213 erat
375 2176 471 2214 sententia
485 2173 571 2222 Lutheri,
584 2173 629 2213 nihil
644 2176 663 2212 in
677 2174 716 2212 vita
730 2172 813 2211 humana
828 2170 900 2210 habere

44 2250 138 2288 rationem
156 2249 202 2289 honi
218 2251 253 2289 nisi
271 2249 337 2298 fidem,
355 2251 399 2290 nihil
417 2252 512 2290 rationem
526 2250 571 2289 mali
585 2251 620 2289 nisi
633 2248 773 2288 infidelitatem.
801 2246 900 2286 Unicam

44 2325 138 2363 rationem
152 2324 225 2364 hahent
239 2338 287 2376 ergo
301 2327 352 2366 bona
366 2339 428 2377 opera
441 2328 495 2377 quasi
510 2328 566 2384 signa·
577 2325 609 2365 uel
624 2326 734 2365 testimonia
747 2322 802 2362 fidei:

99 2398 161 2439 «Dass
182 2401 235 2440 einer
255 2399 299 2439 sarh
319 2402 337 2440 in
356 2401 395 2441 den
408 2401 520 2449 Ehebruch,
539 2400 574 2440 das
588 2399 651 2439 Werh
670 2399 775 2452 verdampt
793 2399 825 2437 ihn
839 2398 899 2444 nicht;

44 2473 129 2513 sondern
143 2474 178 2514 der
186 2474 292 2516 Ehebruch
306 2479 357 2528 zeigt
370 2489 400 2525 an,
416 2476 460 2516 dass
474 2490 496 2516 er
510 2489 548 2515 von
563 2476 608 2515 dem
619 2475 708 2515 Glanben
722 2472 807 2524 gefallen
821 2474 854 2521 sei,
866 2472 900 2512 das

44 2549 149 2601 verdampt
163 2550 227 2590 ihn.»6
249 2549 342 2598 «Sufficit,
357 2552 411 2603 quod
425 2553 540 2604 agnovimus
555 2564 590 2602 per
604 2550 679 2590 divitias
692 2551 764 2602 gloriae
774 2548 813 2588 Dei
822 2561 900 2599 agnum,

44 2627 78 2675 qui
90 2625 140 2664 tollit
153 2633 257 2676 peccatum
271 2627 347 2666 mundi:
363 2627 387 2667 ab
400 2628 437 2666 hoc
446 2640 485 2666 non
495 2626 567 2666 avellet
576 2639 610 2666 nos
622 2632 732 2677 peccatum,
742 2626 817 2664 etiamsi
826 2624 900 2670 millies,

45 2699 134 2740 millies
156 2714 202 2741 uno
222 2701 261 2741 die
283 2701 434 2742 fornicemur
454 2708 486 2742 aut
507 2701 651 2742 occidamusrf‘
687 2699 746 2739 «Esto
767 2705 861 2750 peccator
882 2704 902 2737 et

44 2787 117 2826 pecca
138 2775 248 2826 fortiter,
270 2777 305 2817 sed
323 2776 389 2817 fortius
408 2776 447 2817 fide
465 2784 485 2816 et
503 2776 568 2828 gande
585 2778 604 2816 iu
618 2773 728 2816 Christo.»8
741 2798 767 2803 -
783 2773 824 2813 «ita
839 2773 900 2821 vides,

66 2935 72 2958 1
86 2936 126 2967 ibid.
138 2946 163 2976 43,
176 2939 210 2976 364.

66 2989 116 3023 lClr,
129 2991 162 3021 ibid
180 2991 252 3031 58,41().

65 3043 73 3066 3
86 3043 125 3075 ibid.
137 3051 161 3084 51,
174 3045 209 3084 436.

65 3097 122 3129 4ibid.
135 3106 159 3133 20,
174 3098 202 3137 198
213 3108 235 3138 sq.

65 3151 73 3173 ⁵
86 3150 126 3181 mn
138 3159 163 3191 37,
174 3161 210 3191 434-

66 3205 72 3228 t
86 3205 124 3235 lhid.
138 3213 161 3243 13,
173 3203 208 3243 238.

66 3257 72 3280 l
86 3258 113 3288 De
123 3257 199 3292 Wette,
210 3257 236 3287 Dr.
248 3258 271 3288 M,
283 3258 349 3288 Luthers
360 3256 416 3289 fluere.
438 3255 490 3286 Berlin
503 3255 547 3286 1826.
570 3255 587 3291 ll,
600 3263 625 3295 ῃ,

66 3311 125 3344 Blbid.
