2178 3556
504 156 524 190 K.
536 155 727 189 moon-rouuruo,
941 143 996 185 H.-F.
1010 143 1043 185 Kl.

245 271 278 312 »Si
292 274 335 325 quis
348 273 407 313 sicut
422 280 578 327 augmentum,
594 276 627 314 ita
641 275 714 314 etiam
729 276 823 315 initium
837 274 896 315 lidei
915 276 1043 326 ipsumque

190 346 345 388 credulitatis
369 347 494 398 allectum,
515 362 561 404 quo
584 350 606 389 in
628 363 681 390 eum
705 349 834 398 credimus,
858 351 898 402 qui
919 348 1045 400 justificat

190 424 295 474 impium,
316 431 337 464 et
356 424 380 464 ad
402 426 571 477 regenerationem
591 426 639 465 sacri
659 424 781 476 baptismatis
800 426 931 476 pervenimus,
952 437 990 464 non
1009 437 1045 476 per

191 500 263 550 gratiae
277 499 357 549 donum,
372 499 390 539 id
405 507 436 540 est
450 514 485 552 per
499 502 643 552 inspirationem
656 500 739 552 Spiritus
753 499 819 540 Sancti
834 501 962 551 corrigentem
977 499 1043 538 volun-

190 579 250 613 tatem
272 581 358 614 nostram
377 575 401 614 ab
420 574 532 615 infidelitate
550 576 574 615 ad
592 574 657 623 fidem,
676 575 701 615 ab
719 576 819 627 impietate
838 574 862 614 ad
880 576 980 626 pietatem,
1002 573 1043 614 sed

190 649 334 689 naturaliter
344 650 412 689 nobis
423 652 501 690 inesse
511 649 562 698 dicit,
577 650 696 701 Apostolicis
708 650 831 702 dogmatibus
842 649 963 689 adversarius
973 662 1044 701 appro-

190 724 251 772 batur,
266 725 325 765 beato
339 724 399 765 Paulo
414 725 500 765 dicente:
528 724 654 773 Condidimus,
673 727 718 777 quia
736 727 768 778 qui
783 727 848 776 coepit
863 727 881 765 in
897 725 952 765 vobis
971 725 1043 765 bonum

190 811 245 849 opus¹
261 798 349 850 perficiet
363 813 426 853 usque
440 802 459 839 in
473 799 524 840 diem
539 799 617 840 Domini
631 802 690 840 nostri
704 800 749 849 Jesu
764 799 866 841 Christia1

245 874 277 914 «Si
292 877 335 927 quis
355 877 505 928 sinegratia
526 875 570 915 Dei
591 875 752 923 credentibus,
773 876 924 924 volentibus,
946 874 1044 915 deside-

190 950 308 997 rantibus,
330 950 485 999 conantibus,
500 951 671 999 laborantibus,
694 950 859 1002 vigilantibus,
879 950 1043 1000 studentibus,

190 1026 341 1076 petentibus,
364 1027 548 1077 quaerentibus,
577 1026 732 1078 pulsantibus
755 1026 828 1066 nobis
851 1025 1044 1066 misericordiam

191 1098 249 1140 dicit
267 1100 370 1140 conferri
389 1101 511 1150 divinitus,
533 1115 577 1141 non
592 1108 656 1141 autem
671 1108 696 1141 ut
710 1100 819 1152 credamus,
840 1101 928 1148 velimus,
949 1101 982 1140 vel
995 1101 1044 1141 haec

190 1177 260 1224 omnia,
283 1178 332 1215 sicut
352 1182 437 1228 oportet,
459 1190 517 1228 agere
537 1177 644 1226 ualeamus,
665 1190 702 1229 per
722 1175 836 1217 infusionem
856 1183 877 1216 et
899 1178 1043 1227 inspirationem

190 1249 256 1290 Sancti
270 1250 353 1302 Spiritus
367 1252 386 1291 in
400 1252 456 1292 uobis
472 1251 514 1292 fieri
531 1252 640 1301 confitetur,
663 1260 683 1292 et
703 1259 736 1292 aut
753 1252 854 1292 humilitati
873 1258 905 1292 aut
921 1250 1044 1291 obedientiae

190 1326 285 1366 humanae
299 1327 426 1378 subjungit
439 1329 512 1379 gratiae
531 1327 693 1378 adjutorium,
716 1341 752 1368 nec
765 1335 786 1367 ut
800 1327 914 1368 obedientes
928 1333 949 1366 et
962 1326 1044 1366 humiles

190 1403 254 1449 simus,
269 1403 347 1452 ipsius
368 1405 461 1453 gratiae
482 1402 568 1443 donum
590 1416 632 1443 esse
651 1406 752 1450 consentit,
767 1404 837 1442 resistit
850 1401 949 1453 Apostolo
964 1398 1043 1442 dicenti:

191 1475 242 1525 Quid
267 1476 333 1525 habes,
355 1477 408 1529 quod
424 1490 462 1516 non
476 1480 580 1529 accepisti?
597 1485 626 1517 et:
654 1478 720 1518 Gratia
737 1478 773 1518 Dei
792 1491 835 1517 sum
853 1477 878 1526 id,
900 1476 953 1529 quod
972 1475 1044 1518 sum.»²

246 1551 278 1592 «Si
302 1554 344 1604 quis
367 1565 412 1604 per
434 1561 535 1592 naturae
558 1554 671 1605 vigorem
695 1553 781 1592 bonum
802 1552 907 1605 aliquod,
929 1551 993 1604 quod
1014 1550 1042 1591 ad

191 1627 292 1667 salutem
316 1630 430 1679 pertinet
452 1630 517 1667 vitae
540 1635 664 1676 aeternae,
688 1631 803 1680 cogitare,
828 1635 853 1667 ut
876 1626 983 1679 expedit,
1005 1632 1043 1665 aut

191 1702 289 1754 eligere,
304 1705 353 1743 siue
368 1704 474 1752 salutari,
489 1702 510 1742 id
525 1710 562 1743 est
581 1703 740 1755 evangelicae
757 1703 930 1754 praedicationi
947 1714 1043 1742 consen-

191 1779 237 1816 tire
260 1790 334 1828 posse
356 1777 496 1826 confirmat,
519 1779 615 1830 absque
638 1778 816 1818 illuminatione
839 1784 864 1818 et
889 1779 1043 1828 inspiratone

191 1851 299 1903 Spiritus
314 1852 406 1902 Sancti,
430 1856 463 1905 qui
481 1853 514 1892 dat
528 1854 617 1893 omnibus
635 1855 751 1893 suavitatem
770 1855 788 1893 in
806 1853 946 1893 consentiendo
965 1859 984 1892 et
1002 1864 1043 1892 cre-

191 1926 255 1967 dendo
270 1929 351 1979 veritati,
369 1928 495 1968 haeretico
513 1928 607 1968 lallitur
624 1930 719 1980 spiritu,
736 1942 775 1968 non
793 1929 901 1979 intelligens
918 1941 989 1968 vocem
1005 1927 1043 1966 Dei

189 2004 208 2041 in
226 2002 328 2054 euangelio
345 2003 436 2043 dicentis:
464 2003 511 2043 Sine
528 2017 560 2043 me
580 2003 623 2043 nihil
643 2006 725 2054 potestis
742 2002 816 2051 lacere,
838 2010 858 2043 et
878 2003 923 2042 illud
941 2002 1042 2053 Apostoli:

189 2077 234 2117 Non
255 2077 309 2130 quod
330 2078 395 2118 idonei
415 2081 474 2118 simus
495 2081 581 2131 cogitare
602 2078 674 2131 aliquid
695 2092 707 2118 a
728 2079 788 2126 nobis,
810 2080 865 2132 quasi
882 2091 908 2117 ex
925 2078 986 2127 nobis,
1007 2077 1042 2117 sed

189 2152 304 2193 sufficientia
317 2160 382 2193 nostra
396 2167 424 2193 ex
437 2153 481 2194 Deo
496 2153 558 2193 est.»3

245 2228 321 2268 «Divini
330 2235 360 2267 est
373 2231 464 2277 muneris,
480 2242 540 2280 quum
555 2236 575 2268 et
589 2234 642 2268 recte
656 2230 769 2280 cogitamus,
785 2235 804 2267 et
819 2227 882 2279 pedes
896 2233 972 2267 nostros
987 2240 998 2267 a
1011 2226 1045 2267 lal-

190 2305 246 2343 sitate
260 2310 280 2343 et
294 2305 384 2354 injustitia
401 2306 527 2344 continemus.
557 2304 638 2353 Quoties
653 2305 703 2343 enim
717 2304 768 2343 bona
782 2306 863 2355 agimus,
879 2302 942 2342 Deus
956 2304 975 2341 in
990 2302 1043 2341 nobis

190 2384 249 2430 atque
263 2380 369 2427 nobiscum,
385 2385 410 2418 ut
424 2392 561 2430 operemur,
577 2378 722 2430 operatur.»4

244 2453 320 2493 «Nemo
335 2453 443 2506 quidquam
457 2454 542 2494 Domino
557 2461 610 2494 recte
625 2460 712 2502 voveret,
727 2455 761 2493 nisi
775 2454 799 2493 ab
814 2456 857 2504 ipso
871 2454 975 2503 acciperet,
991 2450 1043 2502 quod

190 2536 272 2569 voveret
285 2532 334 2569 sicut
348 2530 425 2581 legitur:
455 2530 511 2579 Quae
525 2530 550 2568 de
565 2543 622 2568 manu
636 2536 669 2568 tua
683 2531 799 2580 accepimus,
815 2528 883 2567 damus
897 2525 964 2567 tibin5

244 2604 315 2645 «Tales
335 2618 370 2644 nos
384 2611 437 2644 amat
450 2604 511 2651 Deus,
532 2604 600 2657 quales
619 2603 694 2644 luturi
712 2616 791 2643 sumus
808 2604 889 2654 ipsius
908 2602 977 2649 dono,
999 2614 1042 2640 non

189 2679 256 2730 quales
269 2693 335 2719 sumus
349 2687 415 2720 nostro
429 2679 530 2719 merito.»6

244 2756 361 2795 «Arbitrium
379 2755 483 2795 voluntatis
498 2757 516 2802 in
530 2757 594 2806 primo
612 2754 691 2794 homine
712 2753 834 2802 infirmatum,
856 2754 891 2791 nisi
905 2764 942 2803 per
962 2753 1043 2802 gratiam

188 2831 284 2881 baptismi,
301 2843 339 2869 non
353 2836 420 2881 potest
434 2831 527 2881 reparari:
550 2829 604 2881 quod
619 2831 716 2877 amissum,
732 2830 766 2868 nisi
779 2841 791 2867 a
805 2841 845 2879 quo
860 2829 924 2878 potuit
937 2826 984 2875 dari,
1005 2838 1043 2865 non

211 2947 216 2969 ¹
232 2948 269 2980 Can.
281 2955 295 2988 5.

210 3000 217 3023 ‘³
232 3002 270 3034 Can,
281 3002 296 3033 6.

211 3053 218 3076 3
233 3055 270 3087 Can.
282 3063 297 3095 7.

212 3107 219 3130 4
234 3109 271 3140 Can.
283 3118 298 3149 9.

211 3161 218 3184 ⁵
233 3162 269 3194 Can.
283 3171 307 3192 11.

211 3214 218 3240 l
233 3216 269 3248 Can.
283 3224 306 3250 ra.
