2178 3556
79 223 133 277 1898.
148 222 186 262 No.
202 235 219 263 2,
267 235 296 266 on
308 235 390 267 ennam
402 235 486 267 unxisti
498 234 525 266 nr
537 233 565 265 on
578 233 652 265 crunno
664 234 769 269 Anamno.
904 233 927 275 57

74 351 178 392 nonnullae
199 353 260 403 magis
280 352 312 392 nel
333 353 402 400 minus,
423 359 492 404 aperte
513 352 544 392 vel
562 352 638 392 occulte
655 352 761 392 doctrinam
777 352 877 392 Ecclesiae
894 354 928 391 im-

75 433 170 478 pugnent,
184 440 232 480 quas
247 426 340 478 equidem
355 440 393 466 non
408 430 526 478 respicimus.
554 427 585 466 De
599 427 628 466 his
642 434 707 466 autem
721 433 742 466 nt
756 428 849 466 rationem
859 427 928 467 reddat

74 501 162 542 Ecclesia
176 501 315 552 postulandum
328 515 367 542 non
381 509 416 543 est.

131 601 145 627 1,
169 586 214 626 Non
229 587 336 627 doctrinam
351 587 453 627 formatam
463 587 488 627 de
501 586 637 638 justificatione
651 587 681 626 vel
697 586 816 638 explicatam
830 588 928 627 continent

74 670 142 703 vetera
163 664 279 709 testimonia,
302 677 354 715 quae
374 664 404 703 hic
425 662 557 715 comparanda
575 669 627 710 sunt,
648 661 683 701 sed
704 662 814 701 inchoatam
835 669 887 702 certe
908 670 927 702 et

73 738 214 785 adumbratam,
234 737 285 778 unde
304 747 369 779 manat
387 738 474 779 doctrina
489 738 510 779 S.
524 737 616 779 Thomae
632 737 686 777 velut
704 749 731 776 ex
749 735 802 776 sonte
818 737 848 777 vel
864 739 927 786 potius

73 812 128 852 velut
142 812 239 852 conclusio
253 815 366 856 necessaria.

126 897 160 937 Sic
171 899 212 948 jam
226 911 311 939 canones
325 899 404 939 Concilii
418 899 553 939 Mllevitani
572 906 639 939 contra
652 898 786 950 Pelagianos.1
813 898 878 947 Quum
898 899 928 939 hic

73 972 150 1012 dicitur:
174 973 263 1019 rPlacuit,
279 980 300 1013 ut
313 976 425 1026 quicunque
443 974 520 1021 dixerit,
540 975 644 1025 gratiam
659 973 701 1022 Dei,
716 976 735 1013 in
750 987 789 1025 qua
801 973 928 1024 justificamur

73 1061 110 1098 per
123 1047 204 1096 Jesum
218 1049 339 1088 Christum
354 1049 458 1088 Dominum
474 1056 566 1097 nostrum,
582 1049 605 1088 ad
620 1049 695 1088 solam
709 1051 844 1089 remissionem
858 1062 928 1100 pecca-

73 1130 136 1162 torum
155 1122 270 1163 valere
288 1124 391 1163 anathema
412 1123 469 1170 sit»‚‘³
490 1124 534 1163 licet
555 1124 586 1163 vel
605 1125 668 1175 potius
685 1137 767 1164 necesse
786 1131 815 1164 est
832 1124 927 1175 triplicem

72 1198 216 1238 conclusionem
232 1198 304 1238 lacere:
322 1199 398 1238 Causa
411 1199 551 1248 justificationis
566 1206 595 1238 est
609 1201 669 1250 gratia
683 1199 727 1247 Dei,
745 1198 926 1239 fundamentum

72 1275 113 1323 ejus
128 1280 158 1312 est
171 1272 226 1321 lesus
236 1273 329 1321 Christus,
344 1280 364 1313 et
378 1275 495 1313 consistit
509 1275 571 1325 primo
586 1274 629 1314 loco
643 1277 661 1313 in
675 1276 787 1314 remissione
802 1281 928 1325 peccatorum

71 1348 133 1400 (vide:
151 1348 248 1400 lsolamil.

126 1433 192 1481 «item,
215 1436 302 1486 quisquis
323 1434 399 1482 dixerit,
422 1435 505 1474 eandem
526 1438 607 1487 gratiam
629 1435 666 1475 Dei
687 1449 723 1486 per
743 1435 809 1483 Jesum
830 1435 927 1475 Christum

71 1516 154 1560 propter
169 1509 206 1549 hoc
220 1517 294 1549 tantum
308 1523 343 1549 nos
358 1510 450 1560 artjurare
465 1511 488 1549 ad
504 1524 541 1549 non
556 1510 684 1561 peccandum,
700 1512 745 1562 quia
755 1524 792 1561 per
801 1513 862 1561 ipsam
872 1513 927 1551 nohis

71 1585 196 1624 revelatur
211 1591 230 1624 et
244 1587 331 1635 aperitur
344 1586 470 1637 intelligentia
484 1585 626 1633 mandatorum,
642 1588 789 1634 nesciamus,
805 1587 851 1638 quid
866 1601 928 1638 appe-

71 1666 112 1699 tere
128 1666 147 1699 et
164 1660 210 1711 quid
228 1661 289 1700 vitare
307 1660 419 1707 debeamus,
442 1674 487 1700 non
508 1668 572 1700 autem
591 1674 628 1711 per
645 1661 696 1700 illam
715 1661 770 1700 nobis
788 1664 887 1712 praestari,
907 1668 928 1700 ut

71 1734 124 1786 quod
144 1734 253 1774 faciendum
272 1738 427 1787 cognoverimus
446 1738 503 1775 etiam
524 1736 607 1776 facere
628 1736 729 1787 diligamus
746 1742 807 1787 atque
821 1736 926 1786 valeamus,

70 1823 86 1850 a.
101 1809 142 1850 sn3
172 1809 231 1849 «item
246 1811 325 1861 placuit,
340 1817 361 1850 ut
375 1813 494 1862 quicumque
509 1811 589 1851 dixerit:
603 1811 659 1851 ideo
674 1812 728 1850 nobis
741 1814 823 1863 gratiam
836 1812 927 1862 justifica-

69 1887 125 1924 tionis
140 1885 187 1933 dari,
202 1892 223 1924 ut
236 1885 289 1937 quod
305 1885 369 1925 lacere
383 1900 420 1936 per
436 1887 517 1925 liberum
530 1887 622 1936 jubemur
634 1888 737 1935 arbitrium,
753 1886 850 1927 facilius
865 1889 926 1938 possi-

69 1973 112 1999 mus
130 1960 212 2011 implere
231 1974 267 2012 per
284 1963 372 2013 gratiam,
391 1968 485 2013 tanquam
504 1964 552 2000 etsi
566 1964 627 2012 gratia
641 1975 679 2001 non
693 1962 777 2009 daretur,
792 1962 925 2013 nonquidem

69 2035 131 2083 lacile,
152 2036 188 2075 sed
209 2042 273 2075 tamen
293 2038 389 2086 possimus
408 2038 466 2076 etiam
483 2039 523 2076 sine
542 2037 573 2075 illa
590 2037 670 2087 implere
687 2036 752 2075 divina
766 2037 863 2084 mandata,
877 2051 894 2077 a.
910 2050 924 2077 s.

68 2112 114 2151 Non
128 2114 154 2151 ait
168 2111 271 2151 Dominus:
289 2110 335 2151 Sine
349 2125 381 2151 me
399 2111 527 2151 difficilius
545 2114 627 2162 potestis
641 2111 711 2159 lacere,
726 2112 761 2151 sed
776 2114 810 2151 ait:
830 2111 876 2152 Sine
893 2127 925 2152 me

68 2187 127 2226 nihil
146 2189 227 2237 potestis
242 2186 340 2228 facerent

121 2272 176 2311 Licet
197 2273 227 2312 hic
247 2274 339 2324 negative
360 2273 486 2313 concludere:
508 2273 566 2312 Nulla
583 2274 693 2323 justificatio
711 2276 784 2325 acquiri
801 2280 872 2324 potest,
888 2287 924 2314 nec

68 2349 159 2398 negativo
180 2360 237 2387 sensu
258 2349 380 2395 remissionis,
402 2361 439 2388 nec
459 2350 544 2399 positivo
564 2362 622 2388 sensu
640 2349 801 2398 sanctificationis,
820 2362 856 2400 per
873 2352 923 2389 vires

67 2423 167 2470 humanas,
182 2424 227 2474 quia
241 2424 282 2462 sine
296 2425 358 2474 gratia
371 2423 416 2461 nihil
431 2422 495 2463 facere
509 2437 618 2474 possumus,

119 2507 197 2547 Eodem
211 2508 271 2547 modo
285 2509 373 2560 synodus
383 2508 510 2560 Ephesina
523 2509 540 2548 Π
551 2523 585 2549 eos
596 2509 713 2558 damnavit,5
727 2513 814 2562 quicum
825 2511 923 2551 Coelestio

66 2584 176 2623 sentiebant
189 2584 207 2622 h.
223 2597 239 2623 e.
254 2583 368 2635 Pelagianos
382 2590 402 2624 et
414 2584 545 2624 Massalianos.

120 2668 179 2718 Quod
194 2669 217 2708 ad
228 2682 312 2709 canones
323 2670 402 2710 Concilii
411 2670 555 2709 Arausicani
566 2670 583 2709 ll
593 2677 659 2710 contra
668 2669 838 2723 Semipelagianos
848 2675 922 2720 attinet,

66 2743 164 2784 sufficiunt
178 2758 229 2796 quae
243 2758 303 2796 supra
317 2745 366 2796 Cap.
380 2745 409 2784 IV
422 2745 562 2784 dissertationis
578 2752 654 2785 nostrae
668 2745 760 2785 diximus.

119 2818 140 2858 ln
161 2820 268 2870 epistola
287 2820 426 2860 Caelestini
444 2819 451 2859 l
470 2820 495 2859 de
516 2821 612 2860 erroribus
627 2820 830 2873 Semipelagianorum
852 2822 922 2862 dicitur

68 2894 99 2933 «in
112 2896 280 2945 praevaricatione
293 2894 351 2935 Adae
365 2908 433 2935 omnes
447 2895 535 2934 homines
550 2896 656 2935 naturalem
670 2896 821 2947 possibilitatem
834 2903 854 2937 et
868 2898 922 2937 inno-

65 2971 150 3009 centiam
165 2969 280 3020 perdidisse,
296 2977 316 3010 et
329 2971 450 3009 neminem
464 2970 490 3009 de
504 2969 602 3020 profundo
617 2971 665 3010 illius
680 2972 747 3010 ruinae
762 2985 805 3022 per
820 2973 921 3012 liberum

86 3076 92 3097 ¹
106 3077 133 3107 Ab
145 3077 269 3108 Innocentio
282 3078 288 3107 i
300 3076 330 3118 (ep.
342 3077 368 3119 30)
380 3078 468 3117 approbati.

85 3128 93 3151 2
108 3131 146 3164 Can.
158 3139 171 3169 3.

85 3180 93 3203 ³
107 3183 145 3216 Can.
157 3194 172 3223 4.

85 3233 92 3256 4
106 3236 146 3269 ibid.
159 3245 193 3269 ean.
205 3244 219 3277 5,

85 3287 93 3309 ⁵
108 3289 146 3322 Can.
160 3299 166 3320 1
179 3290 192 3321 dt
203 3300 217 3330 4.
