2178 3556
53 193 107 245 1898,
123 189 162 230 Νο.
176 199 194 229 2,
237 196 265 227 or
280 194 364 227 enarra
375 188 459 223 cunisri
470 186 498 218 ET
509 184 538 217 DE
549 182 626 245 Q)
638 182 744 217 auorrnio.
880 178 902 221 13

408 318 514 369 Quaestio
530 316 542 354 i.

331 412 364 447 De
375 408 512 445 necessitate
524 404 616 450 gratiae.

104 507 118 534 1.
134 493 206 533 Uariam
219 491 276 530 darno
289 488 334 528 sine
344 485 419 539 gratia
433 482 521 534 aliquod
532 493 604 519 aarum
618 490 736 530 cognoscere
744 478 815 530 possit.

103 567 223 607 «intellectus
238 565 332 603 humanus
347 561 405 601 habet
419 559 504 610 aliquam
519 555 607 603 formam,
622 553 695 593 scilicet
704 554 769 603 ipsum
783 552 901 604 intelligibile

8 620 10 622 r
49 646 118 690 iumen,
134 640 187 694 quod
202 647 231 679 est
245 639 270 677 de
284 651 306 677 se
319 635 416 676 sufficiens
426 633 450 673 ad
466 630 564 684 quaedam
578 626 703 680 intelligibilia
717 626 861 679 cognoscenda,
876 627 900 666 ad

48 732 70 759 ea
84 717 162 762 scilicet,
176 716 194 753 in
209 725 291 764 quorum
306 712 392 751 notitiam
406 702 443 760 per
456 705 554 747 sensibilia
563 716 668 755 possumus
678 703 777 742 devenire.
805 701 901 741 Altiaia

48 805 94 832 vero
110 788 233 840 intelligibilia
254 786 363 826 intellectus
379 784 474 823 humanus
493 792 613 831 cognoscere
632 790 675 817 non
693 783 790 828 potest,
813 778 847 816 nisi
865 776 901 816 ior-

48 868 88 906 tiori
107 864 177 904 lumine
199 860 315 913 perficiatur,
338 862 386 899 sicut
407 858 478 896 lumine
499 854 545 894 fidei
565 853 596 893 vei
615 852 738 904 prophetiae,
761 851 814 904 quod
831 851 901 892 dicitur

48 942 124 980 iumen
142 939 242 988 gratiae,
257 936 275 974 in
290 941 382 986 quantum
398 938 427 972 est
442 937 521 971 naturae
535 927 702 979 superadditum.»
710 927 724 980 1]

101 1012 156 1053 uNon
176 1011 249 1060 indiget
270 1010 328 1048 homo
350 1011 373 1047 ad
397 1004 554 1057 cognoscendam
575 1005 678 1042 veritatem
699 1004 719 1041 in
739 1002 828 1041 omnibus
849 1016 900 1042 nova

46 1089 170 1128 illustratione
193 1083 318 1135 superaddita
341 1081 421 1121 naturali
442 1079 568 1125 illustrationi,
595 1079 631 1117 sed
655 1080 671 1116 in
696 1076 819 1128 quibusdam,
848 1090 900 1129 quae

0 1169 1 1172 ’
47 1161 166 1203 excedunt
180 1158 314 1199 naturalem
331 1158 493 1207 cognitonem.
520 1152 547 1192 Et
561 1159 628 1192 tamen
642 1151 760 1203 quandoque
775 1151 829 1191 Deus
844 1154 899 1192 inira-

9 1248 10 1251 ’
46 1236 110 1276 culose
127 1248 167 1285 per,
180 1246 235 1273 suam
248 1235 329 1285 gratiam
347 1230 422 1282 aliquos
435 1230 511 1268 instruit
525 1227 550 1267 de
564 1228 599 1274 his,
615 1240 665 1279 quae
684 1239 721 1278 per
734 1226 842 1266 naturalem
857 1229 900 1266 rati-

6 1331 8 1334 >
45 1323 102 1350 onem
116 1310 207 1361 cognosci
221 1314 308 1359 possunt,
323 1307 372 1346 sicut
385 1311 405 1344 et
420 1303 540 1356 quandoque
549 1303 665 1342 miraculose
675 1300 720 1342 lacit
730 1301 835 1354 quaedam,
847 1315 899 1355 quae

45 1391 112 1424 natura
125 1382 189 1423 facere
203 1381 305 1434 potestat)

96 1458 208 1497 Praeterea:
225 1456 339 1507 «Semper
353 1454 461 1506 indigemus
476 1453 542 1492 divino
557 1453 628 1492 anulio
643 1452 666 1491 ad
681 1452 806 1504 cogitandum
821 1452 899 1504 quod-

0 1526 3 1577 ζ’
37 1545 143 1583 eunque,
163 1534 182 1571 in
199 1538 292 1583 quantum
311 1533 374 1581 ipsum
388 1534 456 1568 movet
471 1528 590 1567 intellectum
605 1527 630 1566 ad
647 1527 751 1578 agendum,
779 1527 833 1567 Actu
847 1529 898 1567 enirn

44 1608 150 1658 intelligere
164 1606 236 1658 aliquid
250 1613 280 1646 est
293 1603 415 1657 cogitarent)

96 1765 113 1793 2.
141 1754 213 1794 istrum
226 1754 285 1793 borno
293 1754 360 1806 possit
371 1754 423 1793 velle
436 1759 456 1792 et
462 1755 536 1805 facere
550 1753 624 1793 bonoim
638 1753 713 1804 absque
722 1753 805 1803 gratio.

0 1878 6 1890 ,
98 1829 183 1868 «Natura
200 1829 281 1868 hominis
298 1835 364 1879 potest
382 1829 485 1879 dupliciter
502 1827 625 1875 considerari,
642 1840 681 1867 uno
695 1826 756 1867 modo
770 1830 788 1867 in
803 1840 837 1867 sua
851 1829 899 1867 inte-

43 1905 117 1953 gritate,
139 1905 187 1942 sicut
201 1903 234 1943 luit
248 1906 267 1943 in
281 1907 344 1955 primo
359 1911 441 1954 parente
456 1911 500 1943 ante
515 1910 628 1955 peccatum,
651 1903 686 1942 alio
701 1903 768 1950 modo,
789 1902 897 1942 secundum

43 1977 95 2028 quod
117 1984 147 2016 est
166 1985 256 2029 corrupta
276 1980 296 2018 in
316 1980 370 2018 nobis
392 1986 438 2029 post
458 1986 563 2030 peccatum
580 1979 637 2029 primi
655 1979 746 2029 parentis.
766 2001 792 2006 -
806 1977 827 2017 ln
845 1983 897 2017 statu

0 2047 4 2082 ἱ
44 2057 121 2089 naturae
142 2054 233 2102 integrae,
256 2061 351 2103 quantum
371 2053 396 2093 ad
417 2053 552 2093 sufficientiam
575 2054 690 2104 operativae
713 2054 794 2100 uirtutis,
820 2059 897 2102 poterat

44 2125 101 2164 homo
121 2140 158 2176 per
178 2140 212 2166 sua
232 2128 325 2167 naturalia
343 2128 393 2167 velie
412 2136 431 2168 et
448 2131 525 2179 operari
542 2130 617 2168 bonurn
631 2141 677 2167 suae
691 2133 771 2167 naturae
786 2129 896 2179 proportio-

43 2205 113 2247 natum,
136 2201 193 2251 quale
212 2209 240 2240 est
256 2203 329 2241 bonum
348 2204 422 2242 uirtutis
437 2205 551 2254 acquisitae,
573 2216 613 2242 non
627 2210 692 2242 autem
705 2202 779 2241 bonum
800 2216 896 2254 superex-

43 2272 119 2321 cedens,
134 2276 191 2325 quaie
206 2283 234 2314 est
247 2276 320 2316 bonurn
335 2279 409 2316 virtutis
423 2276 533 2330 inlusaeod)

96 2348 148 2387 uSed
162 2351 180 2388 in
193 2357 243 2389 statu
261 2359 341 2391 naturae
362 2359 466 2403 corruptae
488 2354 547 2392 etiam
567 2352 634 2392 deficit
655 2354 714 2391 homo
736 2353 761 2391 ab
783 2353 819 2391 hoc
841 2353 895 2403 quod

41 2421 147 2460 secundum
160 2435 215 2462 suani
229 2433 317 2465 naturam
331 2433 402 2477 potest,
420 2434 441 2466 ut
462 2440 501 2467 non
521 2430 583 2478 possit
604 2434 666 2466 totum
688 2427 801 2477 hujusmodi
821 2428 895 2466 bonum

41 2496 122 2545 implere
136 2510 172 2547 per
185 2510 219 2537 sua
232 2501 331 2540 naturalia.
359 2500 409 2550 Quia
424 2509 490 2541 tamen
504 2508 571 2541 natura
585 2502 669 2540 humana
683 2514 720 2552 per
734 2510 839 2552 peccatum
856 2516 894 2542 non

41 2576 69 2607 est
90 2571 174 2610 totaliter
195 2567 291 2624 corrupta,
314 2582 336 2614 ut
355 2576 427 2615 scilicet
448 2582 490 2616 toto
510 2577 562 2616 bono
584 2581 686 2615 naturae
707 2578 803 2627 privetur,
827 2584 894 2628 potest

41 2644 120 2693 quidem
134 2648 192 2685 etiam
206 2649 223 2685 in
237 2655 290 2687 statu
304 2656 382 2689 naturae
392 2658 496 2701 corruptae
506 2665 543 2701 per
556 2653 648 2690 virtutem
661 2664 709 2690 suae
723 2659 804 2691 naturae
814 2652 892 2702 aliquod

40 2717 111 2756 bonum
126 2722 276 2769 particulare
290 2736 354 2774 agere,
369 2727 418 2764 sicut
432 2725 569 2765 aedilicare
585 2725 678 2773 domos,
693 2726 782 2777 plantare
797 2729 863 2766 vineas
874 2734 894 2766 et

40 2792 75 2830 alia
91 2793 210 2843 hujusmodi3
237 2810 276 2836 non
295 2805 360 2838 tamen
378 2806 440 2839 totum
458 2802 530 2840 bonum
551 2802 586 2840 sibi
605 2801 735 2848 connaturale,
757 2803 783 2840 ita
802 2801 856 2853 quod
874 2803 893 2840 in

39 2866 90 2906 nullo
105 2868 216 2922 deliciatum)

40 2951 195 2960 -------------ι

62 2996 65 3013 ¹
82 2995 155 3026 Summae
166 2998 211 3030 Toni.
222 2998 240 3032 ll.
252 2999 283 3038 Qu.
296 2997 382 3039 Cimo.
394 3001 405 3035 i.

58 3046 65 3068 2
80 3048 120 3081 ibid,
131 3048 165 3081 Art.
177 3050 188 3081 l.

58 3098 65 3121 ὅ
79 3100 119 3132 lbid.

58 3150 65 3173 i
80 3153 120 3186 ibici.
131 3155 165 3188 Art.
177 3156 194 3187 ii,

58 3204 65 3226 ⁵
79 3205 120 3241 ibid.
