2178 3556
104 147 159 200 1898.
174 146 213 188 No.
229 158 245 187 2.
294 158 323 191 ms
335 158 417 191 onnrin
429 158 512 191 cntrsrr
524 158 551 190 tr
564 158 591 189 on
602 157 678 190 tituto
691 158 796 190 nnssirnro.
931 159 956 200 39

608 212 703 219 ——...

155 287 172 328 5.
201 274 272 315 Utruur
288 276 317 315 ad
326 268 493 328 justr'Jicutiorierrt
508 276 570 328 irupiz'
583 276 704 328 requiratur
717 282 781 315 uirtus
795 277 857 316 liberi
870 276 957 316 arbitrii

100 352 122 391 r'u
132 356 243 402 peccatum.

153 437 183 476 Ps.
199 450 230 490 31,
246 449 266 489 5:
284 435 408 477 «Confitebor
422 435 526 475 adversum
541 449 573 475 me
587 436 698 485 injustitiam
713 449 777 475 meam
791 435 876 476 Domino
881 454 885 484 ς
900 446 919 478 et
934 446 954 479 tu

99 512 188 552 remisisti
201 513 322 562 impietatem
336 511 413 562 peccati
427 512 483 550 inei.»

155 586 277 635 «Justificatio
291 587 344 638 impii
360 585 481 637 estquidam
495 592 561 626 motus
571 598 610 636 quo
624 585 708 625 humana
722 598 777 625 mens
791 594 881 627 movetur
890 602 900 627 a
910 589 954 629 Deo

99 669 175 702 astatu
194 664 269 713 peccati
284 663 302 700 in
316 668 387 701 statum
403 662 494 711 justitiae.
523 661 609 712 Oportet
626 662 684 713 igitur
698 661 750 712 quod
768 662 851 701 hnmana
865 677 918 703 mens
932 678 954 704 se

99 737 170 777 habeat
184 737 208 776 ad
224 743 327 787 utrumque
342 743 475 776 extremorum
489 736 597 777 secundum
612 744 688 777 motum
703 736 755 775 liberi
767 737 837 776 arbitrii
848 768 851 775 .
864 770 882 779 ,,
897 737 954 779 Unde

99 820 178 864 oportet
199 812 253 863 qnod
273 825 328 852 mens
350 813 433 852 hnmana
454 812 500 852 dum
520 811 641 863 justificatur,
663 825 700 863 per
720 819 794 852 motum
813 813 867 852 liberi
885 814 954 853 arbitrii

98 888 178 929 recedat
192 901 203 927 a
217 895 299 939 peccato
314 894 334 928 et
348 886 429 928 accedat
443 887 467 927 ad
479 887 605 938 justitiam

151 1027 169 1067 6.
198 1028 270 1068 Utrum
285 1028 377 1067 remissio
391 1033 520 1079 peccaturum
538 1028 610 1067 debeat
626 1027 736 1067 uuruerarr'
752 1028 807 1067 iuter
822 1041 846 1066 ru
860 1040 912 1079 quae
926 1040 954 1067 re-

97 1103 210 1155 quiruntur
223 1104 253 1142 ud
260 1104 426 1156 jusu'ficutz'uurru
441 1104 506 1155 impu.

153 1188 248 1229 «Videtur
261 1190 314 1241 quod
329 1191 416 1229 remissio
430 1196 557 1240 peccatorum
572 1203 609 1229 non
624 1190 696 1229 debeat
705 1192 801 1230 numerari
811 1192 860 1229 inter
871 1203 892 1229 ea
903 1203 953 1241 quae

97 1267 220 1315 requiruntur
237 1265 260 1305 ad
278 1265 434 1315 justificationem
453 1266 512 1316 impii.
545 1264 589 1315 lpsa
607 1264 718 1314 justificatio
740 1272 774 1305 est
795 1267 846 1305 enim
867 1267 953 1304 remissio

97 1347 241 1391 peccatorum.»

152 1416 195 1456 «Ad
215 1416 268 1466 quod
285 1423 351 1456 tamen
369 1416 478 1465 dicendum,
498 1416 550 1467 quod
568 1416 679 1466 justificatio
697 1418 749 1467 impii
768 1415 837 1455 dicitur
853 1429 896 1457 esse
909 1418 953 1467 ipsa

97 1493 184 1531 remissio
199 1498 330 1542 peccatorum,
345 1493 452 1532 secundum
470 1493 523 1543 qnod
537 1495 600 1533 omnis
614 1499 679 1532 motus
697 1494 767 1543 accipit
781 1494 868 1543 speciem
883 1499 952 1532 ater-

96 1570 163 1610 mino.
191 1568 268 1608 Tamen
282 1569 305 1607 ad
321 1571 423 1608 terminum
439 1568 599 1619 consequendum
613 1569 673 1607 multa
687 1569 723 1608 alia
736 1570 867 1619 requiruntur:

150 1643 238 1693 Quatuor
252 1651 394 1692 enumerantur,
409 1658 460 1695 quae
474 1647 597 1695 requiruntur
606 1643 630 1683 ad
642 1644 801 1695 justificationem
810 1646 869 1694 impii,
880 1645 952 1684 scilicet

100 1731 117 1758 1:
132 1721 227 1770 gratiae
241 1719 340 1767 inlusio,
359 1732 378 1760 2:
394 1728 473 1760 motus
491 1721 562 1760 liberi
580 1721 673 1760 arbitrii
688 1722 710 1758 in
724 1719 799 1759 Deum
813 1733 855 1770 per
870 1718 951 1767 iidem,

97 1806 117 1847 3:
132 1801 156 1834 et
169 1801 246 1834 motus
260 1796 330 1835 liberi
345 1797 435 1835 arbitrii
449 1798 472 1835 in
485 1801 624 1847 peccatum,
639 1802 663 1835 et
677 1806 698 1843 q:
713 1797 823 1835 remissio
837 1793 952 1845 culpaeffl

150 1959 167 1998 7.
196 1945 268 1985 Utruru
276 1946 398 1998 justfficutr'o
412 1947 472 1998 irupr'r'
482 1947 526 1998 fiat
539 1947 561 1986 iu
575 1947 666 1994 iustuutr',
681 1947 714 1985 nel
725 1947 837 1986 successive.

151 2031 274 2080 «justificatio
287 2034 341 2083 impii
355 2046 393 2072 non
408 2040 438 2072 est
452 2035 567 2080 successiva,
582 2033 616 2073 sed
633 2035 806 2072 instaiitanea.i

151 2106 214 2146 “Tota
224 2110 274 2146 enim
286 2107 397 2156 justificatio
407 2109 461 2158 impii
475 2108 629 2158 originaliter
644 2110 730 2148 consistit
738 2110 757 2147 in
767 2111 839 2159 gratiae
849 2107 949 2147 infusione.

95 2182 133 2221 Per
146 2196 190 2223 earn
204 2184 254 2222 enim
269 2189 289 2222 et
302 2184 384 2222 liberum
402 2184 500 2222 arbitrium
518 2190 614 2231 moretur,
632 2191 652 2223 et
666 2184 724 2235 culpa
737 2186 845 2224 remittitur.
874 2183 950 2224 Gratiae

96 2265 161 2297 antem
175 2258 244 2297 inlusio
258 2258 280 2297 fit
293 2261 312 2298 in
326 2261 403 2299 instanti
416 2259 491 2309 absque
505 2262 645 2299 successione.»

151 2333 261 2384 «Contingit
278 2341 342 2374 autem
362 2335 481 2386 quandoque
500 2335 553 2385 quod
572 2335 673 2385 praecedit
686 2336 749 2385 aliqua
764 2335 883 2382 deliberatio,
897 2348 950 2386 qnae

95 2422 132 2448 non
148 2415 178 2449 est
192 2409 217 2449 de
231 2411 371 2449 substantia
382 2410 529 2459 justificationis,
544 2410 579 2450 sed
595 2413 631 2450 via
646 2413 668 2450 in
681 2410 872 2460 justificationem.»3

149 2561 166 2600 8.
195 2559 267 2600 Uiruru
282 2561 370 2611 gratiae
383 2561 404 2599 iu
416 2561 460 2600 usu'o
474 2562 502 2600 sr't
513 2561 586 2613 priruu
605 2561 678 2600 ordine
692 2566 780 2599 uuturur
794 2562 847 2599 iuter
861 2574 884 2599 ru
898 2574 951 2611 quur

95 2636 230 2686 requiruntur
243 2637 274 2676 ud
284 2637 450 2688 justr'ficuu'uurru
464 2637 529 2689 impu.

147 2723 210 2762 Prima
224 2729 258 2762 est.
286 2722 348 2763 Nam:

150 2798 240 2838 «Causa
260 2804 290 2838 est
311 2801 364 2850 prior
384 2800 495 2839 naturaliter
516 2811 552 2839 suo
572 2799 648 2839 effectu.
680 2798 721 2838 Sed
742 2802 837 2851 gratiae
858 2797 950 2838 infusio

94 2885 167 2913 causa
188 2881 224 2915 est
244 2877 330 2915 omnium
347 2875 426 2914 aliorum
445 2888 495 2925 quae
510 2876 632 2925 requiruntur
646 2874 670 2913 ad
683 2874 841 2923 justificationem
855 2876 913 2925 impii,
929 2881 951 2913 nt

94 2950 240 3000 supradictum
255 2957 290 2998 est,
305 2951 387 2990 articulis
400 2962 466 3000 praec.
494 2949 548 3001 Ergo
562 2957 592 2988 est
605 2948 718 2988 naturaliter
731 2952 788 3000 prior.
794 2967 801 2985 >1

115 3111 122 3133 ¹
136 3113 172 3143 Art.
180 3112 196 3142 V
207 3114 223 3143 in
235 3114 292 3144 medio.

116 3162 123 3185 l
137 3166 172 3196 Art.
184 3165 211 3197 Vl.

115 3216 122 3241 ³
138 3219 173 3249 Art.
184 3218 219 3252 Vll.
