2178 3556
496 186 516 229 ir.
527 185 718 227 'arabon-rounam.
926 177 951 227 Η,
966 178 987 226 F.
1002 179 1034 227 K't.

229 314 319 354 Dubitari
339 327 387 366 ergo
408 327 446 354 non
467 320 540 366 potest,
561 315 607 366 quin
629 316 702 366 gratiae
723 313 791 355 infusio
816 316 841 354 sit
863 316 913 355 actio
937 313 1034 367 quaedam

175 391 296 441 objectivi
317 392 400 443 generis,
422 389 475 442 quod
497 390 558 442 magis
579 392 705 442 perspicuum
727 389 748 429 frt
769 403 795 430 ex
816 391 881 429 verbis
899 390 921 431 S.
934 390 1034 430 Thomae:

178 466 246 517 «Ipsa
260 466 306 507 Dei
323 468 444 506 moventis
462 467 539 505 motio
556 472 593 505 est
607 468 700 517 gratiae
715 464 839 513 infusion31
859 473 889 506 est
902 467 960 517 igitur
974 467 1034 506 motio

175 555 215 581 non
229 550 302 589 nostra,
317 541 352 582 sed
362 541 406 590 Dei,
421 541 506 581 conditio
520 554 558 581 non
571 541 685 590 subjectiva,
700 540 735 580 sed
750 541 847 590 objectiva
860 540 1006 591 justificationis.

229 628 276 679 Ipsa
289 627 358 667 infusio
373 634 403 667 est
423 633 494 667 actus
515 626 556 667 Dei.
584 625 665 674 Sedu,
680 625 734 677 quod
748 624 858 673 infunditur,
874 626 955 680 qualitas
970 633 1000 666 est
1014 632 1034 666 et

174 705 204 742 vis
219 704 292 743 homini
306 703 414 752 inhaerens,
428 702 446 741 id
461 709 491 741 est
506 702 584 753 gratia
601 700 743 749 habitualis,
760 702 801 740 sine
816 714 856 752 qua
870 701 989 752 impossibile
1004 708 1034 741 est

175 778 248 818 homini
265 778 320 818 «Deo
335 784 438 828 acceptum
452 783 472 816 et
486 776 566 827 dignum
580 777 619 814 vita
633 782 723 815 aeternan
739 774 800 814 fiert2
814 798 840 804 -
854 775 909 816 Haec
924 778 981 816 etiam
996 776 1033 816 alio

175 854 236 893 modo
257 855 369 904 exprimere
389 863 503 903 possumus:
525 850 545 890 ld
561 849 615 902 quod
633 849 740 889 infunditur
753 857 784 889 est
797 863 857 901 quum
872 853 933 903 gratia
947 852 1032 898 actualis,

175 936 217 968 turn
231 930 293 980 gratia
306 927 417 967 habitualis:
432 925 456 965 ad
466 927 540 977 primos
550 932 610 973 actus
621 926 690 978 quibus
705 926 765 965 homo
780 925 889 977 disponitur
902 926 927 966 ad
939 926 1032 976 justifica-

175 1006 246 1043 tionem
261 1003 366 1043 infunditnr
380 1003 440 1053 gratia
450 1001 534 1049 actualis,
548 1007 618 1052 postea
631 1000 736 1040 infunditur
748 1003 808 1053 gratia
818 1002 926 1042 habitualis.
947 1001 1032 1051 Quando

174 1078 228 1118 Deus
249 1078 421 1129 supernaturaliter
441 1084 509 1117 movet
529 1077 651 1117 voluntatem
671 1077 759 1125 hominis,
778 1078 815 1117 hoc
833 1076 855 1116 fit
873 1079 934 1128 gratia
952 1077 1031 1125 actuali3

174 1153 254 1204 quando
276 1153 334 1193 homo
355 1152 473 1193 sufficienter
492 1152 596 1203 dispositus
616 1160 651 1201 est,
669 1152 775 1193 infunditur
791 1155 852 1205 gratia
870 1152 977 1200 habitualis,
993 1166 1031 1204 qua

174 1228 280 1268 formaliter
294 1229 353 1268 homo
367 1228 388 1267 fit
403 1235 468 1280 gratus
483 1234 503 1267 et
517 1234 609 1278 acceptus
624 1227 674 1268 Deo,

227 1327 244 1355 2.
274 1314 392 1355 Conditio
413 1315 551 1364 subjectiva
569 1314 711 1364 justificationis
732 1316 786 1365 impii
804 1328 841 1365 per
855 1314 1032 1354 denominationem

173 1392 343 1430 conversionis
362 1392 470 1441 peccatoris
485 1396 538 1429 recte
552 1391 638 1440 exprimi
651 1396 724 1440 potest,

225 1476 354 1524 Justificamur
374 1489 414 1515 non
433 1489 477 1526 per
499 1478 636 1527 nosmetipsos,
654 1482 673 1514 at
690 1489 730 1514 non
750 1477 802 1514 sine
824 1476 885 1515 nobis,
921 1474 1033 1526 Requiritur

172 1553 232 1591 motio
254 1552 309 1590 liberi
329 1552 406 1599 arbitrii,
422 1564 432 1590 a
447 1550 491 1590 Deo
512 1564 548 1601 per
565 1553 647 1602 gratiam
665 1550 748 1590 infusam
766 1552 819 1598 moti,
834 1550 859 1590 ad
875 1549 1032 1600 justificationem

172 1626 352 1677 accipiendam:
376 1626 455 1665 «Nullus
473 1628 528 1665 venit
541 1625 565 1665 ad
580 1625 646 1665 Deum
660 1639 696 1676 per
710 1626 791 1676 gratiam
804 1625 942 1675 justificantem
957 1625 1032 1676 absque

172 1708 227 1741 motu
241 1702 296 1740 liberi
310 1702 398 1740 arbitrii.»
422 1700 458 1740 Hic
468 1708 532 1740 motus
546 1700 567 1740 fit
584 1700 640 1740 «Deo
654 1707 766 1747 movente»,
782 1703 858 1752 quippe
872 1702 905 1751 qui
923 1701 1032 1739 «hominem

171 1776 195 1815 ad
209 1777 302 1825 justitiam
316 1783 384 1815 movet
397 1776 506 1816 secundum
520 1776 652 1816 conditionem
666 1782 746 1815 naturae
756 1776 863 1815 humanaen
875 1778 886 1814 i.
898 1788 914 1814 e.
925 1774 1032 1814 secundum

171 1852 253 1891 liberum
268 1851 385 1891 arbitrium.3
415 1851 446 1890 «fn
459 1852 547 1903 quolibet
561 1858 615 1891 motu
630 1852 742 1891 naturaliter
756 1853 840 1902 primum
854 1857 884 1890 est
898 1852 958 1889 motio
973 1852 1032 1900 ipsius

170 1929 267 1966 moventis
286 1927 311 1979 (h.
331 1927 342 1967 l.
362 1939 383 1966 sc
404 1927 458 1979 Deil;
480 1926 587 1966 secundum
609 1933 675 1966 autem
696 1933 727 1966 est
748 1926 884 1977 dispositio
904 1928 946 1964 sive
968 1931 1031 1964 motus

173 2004 232 2053 ipsius
247 2003 341 2041 mobilis.»
370 2001 405 2041 Et:
430 2001 485 2052 «ipsa
500 2002 536 2042 Dei
555 2004 652 2041 moventis
670 2004 731 2041 motio
746 2009 776 2041 est
790 2004 863 2059 gratiae
877 2000 979 2040 infusio.1›4
1006 1999 1032 2039 Et

173 2077 232 2117 finem
246 2078 303 2127 hujus
318 2080 408 2117 motionis
423 2079 516 2128 exprimit
530 2076 549 2118 S.
565 2077 653 2116 Thomas
671 2077 746 2117 dicens:
771 2068 849 2116 illfovet
866 2076 934 2128 (Deus)
950 2076 1032 2115 liberum

173 2154 273 2192 arbitrium
288 2153 311 2192 arl
327 2153 400 2191 donum
415 2154 487 2203 gratiae
505 2151 715 2203 acceptandum.»⁵

226 2238 283 2278 Haec
303 2240 413 2289 acceptatio
434 2238 473 2277 duo
497 2240 589 2286 continet,
616 2244 635 2277 et
659 2240 756 2277 actionem
777 2237 861 2276 divinam
883 2245 902 2275 et
923 2236 1032 2276 libertatem

174 2314 284 2353 humanam
316 2313 378 2352 «Nam
392 2313 417 2361 id,
432 2313 486 2365 quod
502 2321 531 2353 est
544 2312 613 2352 infusio
628 2315 690 2353 active
705 2319 784 2363 sumpta
797 2325 824 2352 ex
837 2318 895 2363 parte
904 2311 947 2359 Dei,
962 2324 1032 2362 accep-

173 2391 220 2428 tatio
235 2395 265 2428 est
280 2389 339 2427 libera
353 2401 380 2428 ex
394 2395 450 2439 parte
464 2387 577 2429 hominist6

226 2475 282 2514 Haec
300 2477 360 2514 motio
378 2475 485 2524 subjectiva
504 2477 612 2526 peccatoris
627 2474 651 2513 ad
666 2477 746 2525 gratiam
760 2473 898 2523 justificantem
912 2485 1032 2524 praeparans

173 2564 187 2589 s.
203 2550 310 2601 disponens
324 2557 354 2589 est
368 2557 389 2588 ut
408 2563 446 2589 uno
465 2550 526 2589 verbo
548 2556 590 2589 utar
611 2551 744 2589 conversio
766 2551 880 2599 peccatoris.
909 2548 960 2587 Dicit
981 2549 1032 2587 enim

173 2625 193 2665 S.
209 2626 305 2666 Thomas:
329 2625 395 2664 «Deus
417 2632 484 2664 movet
505 2627 588 2664 animam
609 2626 690 2664 hominis
712 2623 883 2664 convertendo
904 2635 946 2662 eam
969 2622 993 2661 ad
1011 2635 1032 2661 se

173 2703 242 2751 ipsum.
276 2700 302 2740 Et
322 2701 367 2739 ideo
388 2700 412 2739 ad
432 2700 589 2750 justificationem
611 2701 664 2751 impii
685 2701 789 2751 requiritur
808 2704 873 2737 motus
894 2699 970 2744 mentis,
992 2710 1032 2748 quo

173 2778 328 2815 convertitur
341 2779 360 2814 in
370 2775 467 2815 Deum.»7
490 2775 524 2814 Et:
542 2775 665 2827 «Requiritur
674 2774 698 2813 ad
709 2776 842 2813 remissionem
852 2773 929 2812 divinae
939 2771 1031 2820 offensae,

195 2936 202 2958 ¹
216 2937 232 2968 Ρ,
245 2947 270 2977 ro,

195 2989 202 3012 2
216 2990 232 3023 P,
244 2991 270 3030 48.

195 3042 202 3064 3
216 3043 232 3074 Ρ,
245 3043 270 3082 38.

195 3095 203 3118 l
216 3097 232 3129 Ρ.
244 3106 270 3136 qo,

195 3150 202 3172 5
215 3150 255 3183 lbid.

194 3203 201 3226 l
215 3204 290 3235 Satolli
304 3206 313 3238 l.
325 3216 338 3239 c.
349 3216 365 3245 p.
377 3215 412 3246 230.

195 3257 202 3281 ἵ
215 3258 233 3293 P.
245 3258 270 3299 38.
