2178 3556
173 122 184 162 8
486 132 507 164 rr.
519 130 709 164 moon-nouum.
920 120 945 164 H.
961 120 980 162 F.
995 120 1028 164 Kl.

172 250 270 290 catholicis
289 252 431 290 communicata
451 250 499 298 laus,
520 248 574 302 quod
595 249 679 289 Patres
693 249 838 300 Tridentini,
859 254 878 291 in
898 253 941 308 ipso
962 249 1028 290 medio
1067 271 1068 275 =

171 326 260 366 conclavi
277 325 337 366 ordini
356 325 453 374 habendo,
472 339 510 365 una
528 338 573 366 cum
590 324 667 365 divinae
683 324 796 378 Scripturae
814 327 912 367 codichus
931 332 951 366 et
964 325 1028 366 Ponti-

173 400 231 441 ficum
246 403 375 441 maximorum
390 401 473 441 decretis
489 401 620 441 ’Summam'
637 401 728 441 Thomae
744 401 844 454 Aquinatis
861 414 938 452 super
955 402 1027 441 altari

172 477 402 528 patereuoluerunt,
414 477 621 525 undeconsilinm,
636 479 750 525 rationes,
765 476 860 517 oracula
876 483 1026 528 peterentur.

224 702 318 755 Reliquos
333 716 381 743 vero
395 716 463 743 omnes
478 716 504 743 ex
517 704 572 743 vobis
586 703 696 754 singulatim
710 716 818 751 monemus,
839 703 884 742 nihil
902 702 964 742 Nobis
983 715 1026 743 esse

170 780 267 830 antiquius
289 785 308 818 et
329 779 439 829 optabilius,
460 792 520 830 quam
541 785 562 818 ut
575 780 715 829 sapientiae
736 780 802 818 rivos
823 780 978 829 purissimos,
999 791 1026 818 ex

171 853 260 904 angelico
274 852 361 893 Doctore
373 855 414 905 jugi
428 861 448 893 et
462 853 570 905 praedivite
585 867 635 893 vena
649 853 775 902 dimanantes
797 854 924 910 studiosae
943 854 1024 903 juven-

171 929 217 967 tuti
231 927 285 980 large
300 930 420 981 copioseque
436 931 518 968 universi
532 930 647 980 praebeatis.

223 1077 336 1119 Domestica
357 1091 411 1127 uero,
434 1086 493 1131 atque
514 1080 573 1119 civilis
594 1083 636 1131 ipsa
657 1082 745 1128 societas,
767 1093 818 1132 quae
841 1080 867 1119 ob
888 1091 1024 1131 perversarum

170 1156 284 1205 opinionum
305 1160 382 1205 pestem
404 1161 478 1206 quanto
498 1157 517 1194 in
536 1155 644 1195 discrimine
665 1162 759 1203 versetur,
782 1157 866 1195 universi
889 1156 1023 1206 perspIcimus,

170 1228 261 1280 prolecto
275 1230 362 1280 pacatior
376 1230 437 1269 multo
451 1236 471 1269 et
485 1232 570 1270 securior
584 1232 704 1279 consisteret,
725 1232 739 1270 si
753 1233 772 1270 in
785 1231 898 1270 Academiis
919 1236 939 1269 et
954 1229 1024 1269 scholis

170 1306 235 1344 sanior
257 1304 371 1352 traderetur,
395 1311 414 1344 et
435 1307 545 1356 magisterio
566 1304 666 1345 Ecclesiae
690 1305 806 1346 conformior
829 1305 921 1353 doctrina,
945 1304 1024 1356 qualem

170 1380 262 1420 Thomae
275 1380 379 1432 Aquinatis
393 1380 490 1420 volumina
505 1381 668 1432 complectuntur.

222 1605 264 1645 Nos
286 1607 347 1657 igitur,
369 1605 416 1645 dum
437 1606 529 1645 edicimus
550 1607 616 1646 libenti
636 1613 733 1658 gratoque
747 1608 810 1645 animo
825 1606 964 1657 excipiendum
979 1618 1022 1645 esse

169 1679 263 1732 quidquid
285 1683 383 1732 sapienter
404 1681 482 1729 dictum,
504 1681 599 1734 quidquid
620 1682 692 1721 utiliter
712 1681 768 1721 luerit
784 1695 796 1720 a
814 1684 906 1733 quopiam
921 1684 1022 1721 inventum

168 1762 228 1807 atque
243 1758 382 1807 excogitatum,
397 1755 439 1795 llos
454 1769 528 1805 omnes,
542 1756 670 1796 Venerabiles
684 1757 766 1804 Fratres,
781 1770 840 1808 quam
855 1760 913 1797 enixe
923 1757 1022 1796 hortamur

169 1836 190 1869 ut
204 1830 229 1870 ad
244 1821 349 1870 catholicae
364 1830 409 1870 fidei
423 1831 504 1870 tutelam
519 1838 538 1871 et
552 1832 618 1879 rlecus,
628 1831 653 1871 ad
663 1834 759 1871 societatis
770 1833 849 1879 bonum,
864 1832 889 1871 ad
899 1833 1021 1872 scientiarum

167 1907 254 1945 omnium
276 1907 417 1945 incrementum
441 1920 519 1946 auream
542 1909 603 1947 sancti
623 1907 714 1947 Thomae
735 1909 848 1958 sapientiam
870 1909 979 1956 restituatis,
1001 1914 1021 1946 et

167 1994 227 2033 quam
240 1980 331 2020 latissime
353 1983 473 2032 propagetis.
487 2005 512 2010 -
525 2005 552 2010 —
565 2005 592 2010 -
606 1982 705 2030 Ceterum,
728 1981 834 2022 doctrinam
854 1982 944 2022 Thomae
958 1982 1020 2034 Aqui-

167 2058 215 2095 natis
230 2055 321 2095 studeant
334 2058 427 2107 magistri,
441 2069 452 2095 a
466 2056 528 2095 Vobis
542 2057 672 2108 intelligenter
689 2057 739 2105 lecti,
753 2059 773 2096 in
791 2057 927 2109 discipulorum
946 2059 1020 2097 animos

167 2133 271 2179 insinuare3
288 2132 370 2182 ejusque
384 2144 432 2182 prae
447 2134 516 2171 ceteris
529 2131 646 2171 soliditatem
656 2138 716 2184 atque
727 2133 862 2172 excellentiam
876 2135 895 2172 in
915 2135 1021 2184 perspicuo

166 2213 247 2258 ponant.
274 2205 372 2246 Eamdem
385 2206 506 2246 Academiae
521 2220 532 2246 a
545 2206 608 2246 Vobis
621 2208 720 2247 institutae
734 2213 766 2247 aut
780 2207 908 2248 instituendae
926 2208 1022 2248 illustrent

165 2295 188 2322 ac
202 2288 297 2330 tueantur,
312 2288 332 2321 et
346 2281 370 2321 ad
385 2284 513 2333 grassantium
527 2295 614 2322 errorum
627 2281 765 2322 refutationem
779 2282 889 2324 adhibeant.

218 2433 278 2485 lgitur
299 2433 334 2473 hac
356 2445 436 2484 quoque
456 2434 475 2472 in
495 2446 517 2472 re
539 2433 633 2484 exempla
653 2446 758 2485 sequamur
771 2432 862 2473 Doctoris
877 2434 964 2485 angelici,
986 2436 1019 2486 qui

165 2521 271 2560 numquam
293 2521 313 2547 se
334 2508 412 2547 lectioni
431 2513 464 2546 aut
484 2509 584 2558 scriptioni
604 2506 664 2555 dedit,
683 2509 718 2547 nisi
736 2509 843 2559 propitiato
860 2509 950 2559 precibus
964 2508 1017 2557 Deo,

164 2585 237 2637 quique
252 2582 333 2623 candide
347 2581 446 2621 consessus
461 2588 496 2630 est,
511 2581 606 2634 quidquid
621 2584 683 2630 sciret,
699 2596 736 2622 non
751 2589 791 2621 tam
804 2595 826 2622 se
835 2582 899 2622 studio
909 2590 942 2622 aut
951 2583 1018 2624 labore

163 2670 198 2708 suo
212 2657 248 2697 sibi
262 2659 363 2708 peperisse
378 2670 437 2709 quam
451 2656 541 2696 divinitus
555 2658 673 2707 accepisse.»
