2178 3556
38 219 91 273 1898.
105 214 144 255 No⁴
159 222 178 252 2.
219 197 723 249 oaomrmcumsrraruaurmuomarano.
795 207 797 210 >
866 191 887 234 15

88 338 208 381 «Dicendum
232 331 285 385 quod
308 328 391 379 implere
415 322 506 364 mandata
529 319 578 370 legis
599 315 694 366 contingit
715 313 828 364 dupliciter:
850 324 888 353 uno

148 418 201 452 ntum
215 407 240 448 ad
254 403 415 446 substantiam
432 407 543 448 operum,
559 398 618 443 prout
632 390 705 430 scilicet
722 389 782 428 homo
796 394 889 438 operatur

35 418 93 460 modo
122 427 147 453 ua

107 430 121 467 q
152 488 187 525 rtia
201 490 221 523 et
234 481 270 521 alia
284 479 359 518 virtutis
373 485 444 525 opera;
466 478 486 511 et
500 470 538 509 hoc
551 466 611 507 modo
630 467 690 505 homo
707 466 726 503 in
743 469 795 502 statu
809 469 888 503 naturae

36 496 83 533 ‘usta
98 497 117 530 et
132 488 151 527 lo

32 509 119 617 {ntegrae
134 561 196 612 potuit
210 558 274 597 omnia
288 551 380 593 mandata
393 548 441 599 legis
456 545 546 596 implere3
567 542 653 593 alioquin
667 539 727 578 homo
742 551 780 578 nou
794 540 889 590 potuisset

35 645 53 682 in
70 644 120 679 statu
136 634 168 674 illo
186 644 225 671 non
242 639 331 679 peccare,
350 636 410 676 quum
429 621 473 662 nihil
493 618 543 659 aliud
562 619 587 657 sit
602 627 686 668 peccare
700 626 760 666 quam
781 613 889 664 transgredi

35 717 99 756 divina
107 707 204 751 mandata.
232 703 279 744 Sed
289 704 384 741 instatu
394 705 493 738 naturae
507 699 643 743 corruptae
658 701 705 728 non
719 694 805 740 potest
818 688 888 727 homo

36 787 136 839 implere
151 783 228 822 omnia
241 776 356 818 mandata
370 774 452 813 divina
465 773 515 811 sine
529 769 608 821 gratia
621 771 731 806 sanante.

26 849 28 852 ¹
86 860 131 901 Alio
146 855 204 896 modo
225 857 307 904 possunt
327 849 404 901 impleri
424 846 517 887 mandata
538 844 591 895 legis,
614 854 653 881 non
670 840 733 879 solum
751 845 845 890 quantum
864 838 888 878 ad

35 935 160 977 substantiam
174 929 244 981 operis,
265 926 374 966 sedetiam
392 930 488 975 quantum
502 919 526 959 ad
546 916 642 957 modum
660 913 759 966 agendi,
783 921 804 953 ut
817 913 890 954 scilicet

30 1009 65 1052 ex
83 1009 183 1049 caritate
203 1001 269 1042 liant,
309 999 340 1039 Et
360 1001 394 1038 sic
415 1009 492 1048 neque
513 997 535 1034 in
554 1000 621 1033 statu
642 997 743 1031 naturae
765 991 889 1041 integrae,

4 1078 5 1081 ¹
35 1096 116 1136 neque
130 1083 154 1120 in
167 1084 231 1118 statu
245 1083 347 1115 naturae
362 1067 666 1123 corruptaepotesthomo
677 1065 890 1117 implereabsque

7 1181 8 1184 =
36 1159 112 1210 gratia
125 1155 185 1205 legis
198 1149 329 1191 mandatam

86 1229 138 1269 Nam
161 1230 301 1278 «praeceptum
322 1221 347 1262 de
368 1221 471 1260 dilectione
486 1217 523 1257 Dei
544 1230 583 1256 non
596 1221 665 1267 potest
684 1215 745 1254 homo
763 1214 846 1266 implere
863 1227 891 1254 ex

36 1306 87 1356 puris
101 1301 224 1349 naturalibus,
244 1297 352 1338 secundum
367 1294 419 1347 quod
435 1307 462 1334 ex
475 1294 555 1333 caritate
569 1291 668 1342 impletur,
689 1297 710 1329 ut
724 1302 751 1329 ex
764 1302 824 1341 supra
835 1290 890 1330 dictis

35 1384 90 1430 patet
103 1383 138 1418 art,
153 1388 163 1428 3
178 1375 234 1424 hujus
248 1369 396 1425 quaestionis.»1

88 1549 104 1590 5.
133 1535 205 1576 Utrum
218 1533 278 1572 tamo
286 1532 355 1584 pessit
366 1529 442 1570 mereri
455 1529 520 1573 vitum
534 1533 640 1567 aeternam
653 1526 697 1565 sine
707 1526 790 1578 gratia,

0 1656 2 1659 ζ
90 1610 210 1650 «Dicendum
231 1607 285 1659 quod
305 1606 352 1646 dicit
371 1604 481 1655 Apostolus
501 1603 525 1642 ed
547 1602 584 1643 Ro.
606 1601 625 1642 6.
647 1613 683 1654 23:
711 1601 778 1641 Gratia
796 1601 834 1641 Dei
852 1603 892 1641 vita

1 1705 4 1718 2
36 1693 122 1733 aeterum
145 1684 197 1736 quod
217 1683 261 1723 ideo
280 1681 349 1721 dicitur
366 1682 416 1719 sicut
433 1679 498 1731 glossa
512 1678 617 1729 Augustini
631 1677 722 1716 dicentis:
757 1675 785 1716 Ut
798 1676 892 1729 intellige-

36 1773 105 1807 remus,
119 1759 184 1798 Deum
198 1757 222 1796 ad
236 1758 297 1796 vitam
311 1762 410 1794 aeternam
425 1767 462 1805 pro
476 1766 510 1792 sua
524 1755 648 1792 miseratione
663 1764 697 1791 uos
709 1750 837 1803 perducere.»

90 1834 164 1872 uActus
185 1831 315 1883 perducentes
336 1830 360 1869 ad
378 1829 438 1868 fiuem
455 1834 534 1879 oportet
548 1840 591 1867 esse
613 1827 656 1866 lini
676 1829 892 1877 proportionatos.

0 1892 3 1907 ξ
36 1907 103 1946 Nullus
117 1913 182 1945 autem
196 1913 249 1945 actus
264 1905 344 1945 excedit
358 1906 507 1955 proportionem
520 1905 610 1954 principii
624 1903 689 1953 actiu'13
709 1909 729 1941 et
743 1901 789 1942 ideo
804 1902 892 1943 videmus

36 1976 55 2021 in
69 1983 124 2021 rebus
146 1980 268 2029 naturalibus,
289 1979 344 2030 quod
361 1978 413 2018 nulla
431 1991 462 2018 res
480 1984 547 2028 potest
560 1978 657 2029 perficere
676 1976 767 2016 effectum
787 1991 823 2028 per
836 1991 892 2018 suam

37 2057 176 2105 operationem,
191 2057 223 2107 qui
237 2054 322 2095 excedat
336 2057 428 2093 virtutem
446 2055 538 2102 actiuam3
559 2052 595 2092 sed
612 2053 675 2092 solum
695 2059 763 2103 potest
782 2053 892 2104 producere

37 2142 73 2180 per
84 2131 218 2180 operationem
232 2142 287 2169 suam
301 2128 394 2169 effectum
408 2142 455 2168 suae
469 2130 535 2167 virtuti
543 2130 721 2179 proportionatum.
748 2127 802 2167 Vita
814 2134 893 2168 autem

38 2209 137 2243 aeterna
161 2211 197 2244 est
217 2203 274 2243 linis
293 2204 415 2243 excedens
434 2205 624 2254 proportionem
644 2209 744 2242 naturae
765 2203 892 2265 humanae,

38 2278 114 2317 etideo
128 2278 196 2317 homo
214 2291 257 2329 per
274 2291 317 2317 sua
337 2278 461 2317 naturalia
482 2290 529 2317 uon
550 2283 636 2329 potest
657 2277 797 2328 producere
818 2291 893 2328 opera

38 2354 162 2391 meritoria
176 2355 361 2403 proportionata
375 2355 440 2392 vitae
459 2360 587 2401 aeternae;
609 2352 650 2392 sed
667 2352 696 2392 ad
717 2353 762 2391 hoc
783 2354 894 2404 exigitur

38 2425 111 2465 altior
130 2428 215 2474 uirtus,
236 2440 298 2478 quae
319 2435 357 2467 est
372 2429 450 2466 virtus
470 2429 574 2478 gratiae.
602 2426 629 2466 Et
643 2426 687 2466 ideo
702 2429 743 2466 sine
757 2429 819 2478 gratia
833 2427 893 2467 homo

38 2512 76 2538 non
89 2507 156 2551 potest
169 2504 238 2541 mereri
250 2505 311 2542 vitam
325 2510 428 2549 aeternam
450 2507 517 2553 potest
530 2509 597 2541 tamen
611 2501 676 2542 lacere
689 2514 751 2552 opera
765 2501 893 2552 perducentia

38 2573 62 2612 ad
76 2574 149 2613 bouum
162 2576 240 2628 aliquod
257 2577 330 2616 homini
349 2576 517 2623 connaturale,
539 2578 589 2616 sicut
602 2577 692 2616 laborare
710 2578 728 2615 in
744 2589 797 2627 agro,
819 2577 892 2624 bibere,

38 2648 159 2697 manducare,
175 2658 194 2690 et
208 2651 280 2690 habere
294 2653 377 2690 amicum
391 2658 412 2690 et
426 2652 461 2690 alia
474 2650 614 2700 hujusmodi.»2

90 2807 108 2847 6.
137 2808 208 2849 Utrum
226 2810 286 2850 Immo
299 2811 367 2863 possit
381 2824 403 2849 se
421 2811 486 2863 ipsum
506 2812 536 2850 nd
555 2812 651 2862 gratiam
665 2819 797 2865 praeparare
814 2821 854 2864 per
873 2827 894 2852 se

39 2881 103 2931 ipsum
117 2884 192 2934 absque
205 2886 303 2924 emmam
316 2885 395 2924 auxilio
406 2886 497 2936 gratiae.

93 2970 122 2995 rr.
150 2957 233 2997 Videtur
247 2960 300 3011 quod
315 2960 374 3000 homo
388 2963 452 3011 possit
464 2973 486 2999 se
499 2962 564 3010 ipsum
580 2961 604 2999 ad
619 2962 701 3012 gratiam
719 2974 839 3013 praeparare
856 2976 894 3015 per

40 3039 61 3066 se
74 3030 138 3079 ipsum
152 3033 226 3085 absque
240 3037 333 3074 exteriori
350 3035 421 3074 auxilio
440 3037 518 3086 gratiae.
547 3034 599 3074 Nihil
622 3038 673 3075 enim
693 3039 801 3088 imponitur
821 3037 893 3077 homini

62 3174 120 3211 llbid.
132 3180 167 3212 Art
178 3182 205 3215 lv.

61 3227 68 3251 2
81 3230 120 3271 thiu,
132 3234 167 3268 Art.
179 3236 198 3269 V.
