2178 3556
457 188 477 225 n.
488 190 679 228 nauca-rounam.
892 183 948 227 H.-F.
963 183 994 232 m.

193 304 252 354 Quod
273 307 342 347 attinet
363 308 388 347 ad
411 310 513 349 «meritum
535 310 560 351 de
581 323 686 363 congruo»,
708 325 747 353 non
767 321 798 353 est
818 326 852 354 cur
872 316 921 357 haec
935 317 994 364 notio,

140 381 229 431 quamvis
252 382 369 435 plerumque
382 397 394 423 a
408 384 504 436 theologis
524 393 611 437 recepta,
626 386 747 428 Christianos
767 388 872 442 disjungar,
893 392 995 443 quianon

139 455 168 496 de
183 455 233 497 lide
248 465 283 498 est.
305 458 336 500 De
346 459 501 500 distinctionibus
511 460 548 500 hac
563 462 581 501 in
596 476 616 502 re
630 462 705 502 usitatis
720 463 767 504 dicit
781 463 898 505 Perrone:
915 465 994 506 «Fidem

139 545 178 571 non
199 534 303 586 attingunt,
323 547 383 587 quum
404 535 455 576 nulla
476 534 528 576 edita
549 535 575 576 de
596 537 631 576 illis
650 538 679 578 ab,
688 536 777 579 Ecclesia
794 539 883 580 definitio
897 539 961 589 suerit,
975 547 995 580 et

138 609 216 650 scholae
238 609 257 650 in
278 609 365 650 diversas
386 610 469 650 abierint
489 610 629 650 sententias.»1
647 635 669 641 —
688 611 810 665 Ceteroquin
830 620 851 654 et
870 614 907 654 hac
927 615 953 654 de
974 627 995 654 re

138 684 255 737 plerumque
270 698 376 736 perperam
387 685 476 735 judicant
491 692 627 735 protestantes.
651 685 742 726 intimum
752 686 809 737 hujus
818 688 902 728 notionis
916 701 994 729 sensum

138 760 189 800 bene
203 760 291 812 explicat
304 760 415 802 moment

191 847 208 876 2.
237 834 286 875 Cum
301 834 322 876 S.
337 834 357 877 S.
373 835 467 883 Patribus⁷
482 848 524 875 cum
540 835 560 875 S.
575 835 658 882 Thoana,
673 848 718 876 cum
730 835 820 877 Ecclesia
834 844 875 877 tota
889 838 994 878 concordat

138 909 262 950 Lutherus:

191 984 256 1035 Quum
271 984 299 1024 ad
316 986 376 1024 bona
390 998 466 1036 opera
480 984 582 1025 credentes
597 986 692 1026 hortatur:
712 985 767 1025 «Wir
779 987 842 1027 sollen
856 987 929 1039 fleissig
943 1001 994 1040 seyn

137 1073 160 1100 zu
174 1067 233 1112 guten
249 1060 354 1101 Werlren.»
379 1060 431 1100 «Das
445 1060 507 1100 Stiich
522 1074 561 1101 von
576 1068 635 1114 guten
649 1061 738 1101 Werhen
751 1065 830 1102 mussen
842 1063 879 1101 wir
892 1062 956 1103 haben
970 1076 992 1103 zu

137 1135 211 1176 diesem
225 1135 305 1175 Lebenu
373 1136 434 1176 «nach
448 1136 518 1176 Gottes
533 1136 599 1177 Gebot
615 1137 654 1176 und
668 1136 759 1176 Wort.»³
790 1136 844 1176 «Wir
860 1136 933 1187 lehren‚
948 1152 992 1179 man

136 1211 171 1249 soll
186 1218 232 1262 gnte
242 1210 305 1250 Werlr
319 1212 372 1258 thun,
387 1223 448 1262 sagea
462 1212 517 1260 auch,
532 1211 577 1251 dass
587 1211 621 1252 das
631 1212 703 1252 Gesetz
712 1213 758 1252 sehr
766 1218 802 1263 gut
811 1211 850 1251 und
861 1216 917 1252 niitze
927 1213 994 1264 sey.»4

189 1285 259 1326 Itidem
274 1299 334 1337 quum
354 1285 417 1334 docet,
436 1287 488 1326 bona
506 1300 568 1338 opera
587 1288 727 1327 necessaria
749 1300 801 1327 esse:
825 1287 893 1328 rDenn
915 1288 949 1328 das
968 1290 993 1328 ist

136 1362 196 1409 wahr,
215 1361 253 1401 und
272 1363 310 1401 wir
326 1365 401 1413 sagen's
419 1362 474 1409 auch,
493 1361 537 1401 dass
554 1370 601 1413 gnte
616 1362 677 1403 Werh
698 1367 798 1402 miissen
820 1362 858 1402 und
880 1363 941 1403 sollen
958 1377 992 1415 ge-

136 1436 253 1477 schehen.u⁵

188 1512 258 1552 ltidem
273 1526 335 1564 quum
348 1512 413 1560 docet,
428 1512 479 1552 bona
497 1525 584 1563 operae
603 1512 652 1552 lide
674 1514 749 1561 nasci,
770 1512 822 1552 sicut
839 1509 911 1552 fructus
929 1514 991 1553 bonos

135 1601 162 1627 ex
178 1588 247 1627 arbore
265 1587 323 1635 bona,
341 1594 361 1626 et
378 1588 489 1627 testimonia
506 1599 550 1627 esse
568 1587 624 1637 hujus
638 1587 693 1627 fidei:
717 1586 767 1626 uWo
782 1587 818 1627 der
832 1587 907 1627 Glaube
920 1588 951 1635 ist,
967 1587 991 1627 da

135 1664 197 1702 sollen
214 1663 263 1702 auch
281 1663 317 1701 der
329 1661 391 1702 Liebe
405 1661 467 1701 Werlr
483 1661 553 1713 folgen,
582 1661 622 1701 Das
636 1662 679 1701 sind
695 1662 727 1702 die
742 1669 807 1714 guten,
823 1662 991 1703 rechtschaffenen

134 1737 228 1778 weram
258 1737 319 1777 «Dass
336 1739 372 1776 wir
390 1737 437 1777 aber
453 1750 479 1776 nu
496 1743 543 1787 gnte
557 1736 619 1776 Werk
637 1737 684 1777 thun
703 1738 743 1777 und
757 1737 853 1777 Almosen
870 1738 940 1789 geben,
956 1739 990 1778 das

134 1811 201 1852 dienet
214 1813 269 1862 dazu7
284 1812 320 1852 aus
334 1812 378 1852 dass
396 1812 428 1852 die
442 1811 549 1851 llenschen
565 1811 626 1852 damit
644 1813 746 1852 besveisen
760 1813 815 1852 ihren
830 1812 923 1852 Glanben.
952 1812 990 1851 Die

133 1895 194 1939 gnten
208 1887 270 1928 Werlc
284 1921 288 1928 .
301 1919 320 1927 ..
336 1889 404 1939 zeigen
418 1901 442 1927 an
457 1887 496 1927 den
510 1886 631 1927 Glauben.»l

185 1963 257 2015 Neque
271 1962 372 2003 Ecclesiae
387 1962 487 2003 doctrinae
501 1964 597 2003 contraria
611 1969 661 2009 sunt,
675 1975 727 2013 quae
741 1961 838 2003 Lutherus
856 1962 881 2003 de
902 1964 990 2002 merito

132 2040 228 2078 bonorum
242 2051 326 2089 operum
340 2037 427 2078 declarat
445 2037 510 2090 quoad
532 2039 634 2088 primam
654 2039 757 2088 gratiam
778 2045 799 2077 et
819 2038 990 2078 remissionem

133 2120 296 2165 peccatorum.
320 2113 431 2165 Propositio
446 2114 493 2163 ejus,
508 2125 543 2152 nos
558 2113 607 2152 haec
615 2114 667 2152 bona
676 2114 769 2163 operibus
782 2115 852 2152 nostris
866 2113 936 2152 mereri
950 2125 988 2151 non

132 2202 197 2240 posse,
215 2189 239 2227 nil
259 2190 354 2240 importat
371 2189 418 2228 novi
436 2200 499 2238 neque
517 2188 541 2227 ab
556 2186 644 2227 Ecclesia
662 2188 729 2227 alieni:
754 2187 831 2227 «Willst
845 2187 871 2226 du
886 2200 924 2226 nun
939 2186 989 2226 Ver-

132 2265 211 2316 gebung
225 2265 260 2303 der
274 2263 356 2303 Siinrlen
370 2263 409 2303 und
425 2262 459 2302 das
474 2264 538 2314 eruige
553 2261 621 2302 Leben
634 2263 704 2311 haben,
724 2275 747 2302 so
764 2262 835 2314 glaube
849 2263 869 2301 in
883 2261 987 2309 Christum,

131 2352 153 2379 so
170 2339 282 2379 behommst
299 2338 326 2377 du
343 2352 363 2378 es
382 2338 422 2378 und
438 2339 493 2378 nicht
511 2337 571 2378 durch
590 2337 690 2388 einigerlei
704 2344 752 2389 gnte
765 2336 841 2377 Werhe
911 2335 988 2376 Unsere

131 2414 206 2454 Werlce
223 2415 285 2455 sollen
303 2414 342 2454 den
357 2413 435 2453 Namen
453 2414 507 2453 nicht
523 2413 593 2460 haben,
611 2412 655 2452 dass
674 2413 703 2452 sie
717 2412 840 2464 Vergebung
858 2411 894 2451 der
905 2410 988 2451 Siinden

130 2489 269 2531 verdienenfi
303 2488 358 2528 Talia
379 2488 468 2529 Ecclesia
491 2501 591 2539 nunquam
611 2487 710 2536 docuerat,
732 2487 784 2527 unde
806 2488 866 2527 etiam
886 2485 988 2526 Ecclesiae

130 2577 209 2616 prorsus
227 2566 297 2614 injuste
315 2564 360 2604 talia
378 2566 505 2615 imputantur.
532 2563 617 2603 Primam
633 2564 716 2615 gratiam
734 2568 754 2602 et
768 2562 903 2602 remissionem
917 2573 987 2612 pecca-

129 2647 194 2679 torum
208 2641 267 2691 gratis
282 2639 324 2679 dari
338 2652 417 2691 semper
430 2638 519 2679 Ecclesia
533 2638 623 2679 conlessa
636 2643 683 2679 erat.

182 2715 204 2755 Si
217 2716 263 2755 satis
278 2715 378 2755 habuisset
387 2714 484 2755 Lutherus
499 2714 559 2754 altera
573 2726 599 2753 ex
612 2718 669 2765 parte
678 2712 703 2752 ad
713 2712 785 2752 bonam
794 2712 857 2751 vitam
869 2716 889 2750 et
900 2710 925 2750 ad
935 2710 986 2749 bona

129 2803 190 2841 opera
204 2790 281 2838 hortari,
296 2790 356 2830 altera
371 2803 398 2830 ex
412 2797 468 2842 parte
480 2790 562 2842 gratiam
572 2801 698 2841 propugnare
707 2787 789 2827 liberam
800 2793 868 2826 contra
877 2785 986 2825 haereticos

151 2887 156 2909 ¹
170 2888 263 2926 Perrone,
275 2888 390 2919 Praeleetiones
400 2888 449 2920 theol.
472 2887 543 2918 Viennae
556 2886 600 2926 1846.
624 2886 668 2917 Toni,
679 2885 700 2917 lll
712 2896 727 2926 p.
739 2893 774 2925 301.

149 2941 156 2964 2
170 2942 257 2981 Symbolik.
279 2942 333 2973 Maian
346 2942 390 2982 1832.
412 2942 429 2974 P.
441 2942 467 2974 86.

149 2994 233 3027 ³Werlse.
256 2996 372 3037 Erl,19,354.

148 3048 232 3081 4lllerlre
255 3050 286 3083 Erl.
299 3050 324 3090 58,
336 3058 371 3092 274.

148 3102 232 3136 twerke.
255 3104 287 3138 Erl.
299 3113 324 3145 49,
336 3104 361 3146 67.

148 3158 156 3181 ⁶
169 3157 233 3190 Werke.
244 3168 270 3199 49,
284 3165 317 3199 193.

148 3213 155 3237 t
168 3214 209 3245 lbid.
220 3223 245 3255 47,
257 3222 287 3255 245
300 3222 331 3253 sq.;
343 3212 370 3244 cir.
381 3212 427 3246 Tom.
440 3219 465 3252 33,
477 3216 515 3253 347:
527 3219 551 3252 52,
564 3216 594 3244 220
605 3221 647 3254 sqq.;
659 3219 689 3252 223
703 3215 718 3244 et
729 3206 772 3245 alibi.

147 3270 155 3293 ⁸
168 3270 209 3301 lbid.
222 3270 245 3308 ro,
259 3278 293 3311 137.
