2178 3556
55 192 110 245 1898.
124 190 162 231 No.
178 202 196 232 2.
242 203 271 235 nn
281 203 365 236 ennam
377 202 459 235 cnmsrr
471 203 498 235 nr
510 203 539 235 nn
550 203 626 236 cranao
638 204 744 237 nnnnruo.
883 205 906 246 79

105 318 182 360 itidem:
206 320 272 360 «Deus
292 333 331 360 non
352 322 454 372 praecepit
474 328 539 362 actum
559 323 695 362 exterioremn
728 322 801 362 «Actus
820 323 906 362 exterior

53 408 91 435 non
106 401 135 435 est
148 397 229 446 proprie
242 395 310 443 bonus,
325 407 361 436 nec
375 395 428 435 Deus
443 399 523 447 proprie
537 398 600 448 ipsum
614 403 724 447 operatur.»
753 396 819 437 «Deus
833 399 905 437 animas

53 477 110 518 amat,
125 482 163 509 non
177 482 227 521 opus
242 469 376 511 externum»1

106 544 173 595 Opera
186 545 238 585 bona
250 544 398 595 justificatorum
411 558 458 585 vere
468 551 566 585 merentur
576 551 701 596 augmentum
712 548 784 596 gratiae
794 553 814 586 et
824 547 905 598 gloriae:

108 619 207 660 «Debetur
221 633 295 661 merces
309 621 364 660 bonis
378 621 475 672 operibus,
490 623 505 660 si
515 620 570 661 fiant:
584 619 619 659 sed
629 622 696 672 gratia,
707 633 758 672 quae
768 633 806 660 non
817 622 905 671 debetur,

54 694 159 746 praecedit,
175 702 195 735 ut
208 695 286 736 fiant,»²

108 769 139 809 «Si
153 772 195 822 quis
210 770 285 819 dixerit,
300 770 381 811 hominis
394 770 491 821 justificati
505 771 556 811 bona
570 783 631 822 opera
646 771 672 809 ita
686 783 729 811 esse
749 777 797 811 tota
811 771 863 819 Dei,
886 778 905 812 ut

53 858 91 884 non
106 848 142 884 sint
156 847 213 886 etiam
228 847 279 885 bona
293 848 352 896 ipsius
363 845 461 896 justificati
476 848 569 893 merita,
589 851 622 885 aut
635 847 698 897 ipsum
710 846 836 897 justificatum
851 847 905 887 bonis

53 922 150 971 operibus,
165 933 216 973 quae
235 921 259 961 ab
278 934 301 961 eo
323 934 358 971 per
376 920 412 961 Dei
433 922 533 972 gratiam
555 928 575 959 et
594 920 651 969 Jesu
673 920 764 960 Christi
785 923 905 970 meritum,

53 996 107 1045 cujus
121 997 187 1036 vivum
201 997 330 1036 membrum
345 1002 380 1044 est,
396 996 448 1043 fiunt,
464 1008 501 1035 non
516 1008 563 1035 uere
578 997 647 1034 mereri
656 1002 782 1047 augmentum
793 998 866 1047 gratiae
876 1029 879 1035 .
889 1029 905 1037 ,,

53 1083 69 1109 a,
89 1069 131 1110 s.»3

105 1145 184 1192 Dicitur,
203 1146 296 1194 justitiam
321 1147 432 1185 meritorum
458 1151 566 1184 nostrorum
592 1158 641 1184 unon
658 1145 732 1185 fundari
750 1147 768 1185 in
789 1147 907 1186 absoluta

53 1220 219 1269 condignitate
240 1226 349 1259 nostrorum
367 1232 456 1270 opernm,
475 1220 509 1258 sed
531 1222 591 1271 magis
612 1221 630 1259 in
645 1220 717 1260 liberali
732 1228 752 1260 et
765 1224 847 1273 gratuita
862 1235 907 1272 pro-

53 1296 142 1334 missione
156 1295 200 1343 Dei‚
214 1307 259 1346 qua,
274 1295 403 1334 conventione
417 1293 474 1342 sacta,
489 1294 582 1334 conduxit
597 1295 729 1345 operarios».4

104 1368 191 1420 Dignitas
206 1382 294 1420 operum,
309 1382 349 1421 qua
362 1375 466 1417 merentur,
482 1375 536 1409 esta
554 1370 642 1420 gratia,
660 1383 684 1409 eo
699 1370 752 1423 quod
767 1370 815 1410 fiunt
829 1384 840 1411 a
855 1370 907 1410 sitio

51 1442 89 1483 Dei
104 1450 123 1484 et
141 1445 248 1484 membro
267 1443 343 1492 Christi,
358 1457 395 1483 nec
408 1446 531 1495 reperiuntur
548 1446 582 1484 nisi
597 1446 615 1483 in
626 1444 739 1494 justificato:

108 1518 189 1558 «Omnia
205 1519 269 1558 studia
287 1525 307 1558 et
325 1521 389 1559 omnia
406 1532 467 1569 opera
485 1532 508 1559 ac
522 1521 590 1559 merita
605 1518 722 1560 Sanctorum
736 1520 759 1559 ad
775 1519 812 1560 Dei
826 1521 907 1572 gloriam

52 1594 169 1646 laudemque
184 1594 286 1634 reserenda
299 1601 353 1644 sunt;
369 1596 413 1646 quia
427 1607 485 1634 nemo
500 1594 577 1634 aliunde
588 1596 605 1634 ei
614 1594 686 1645 placet,
700 1596 734 1634 nisi
749 1608 779 1635 ex
794 1608 830 1646 eo,
845 1595 907 1647 quod

52 1671 107 1719 ipse
127 1669 289 1709 donaverit.»5

107 1743 163 1783 «Non
177 1744 292 1792 dubitamus,
308 1745 331 1784 ab
346 1746 405 1796 ipsius
419 1747 481 1796 gratia
495 1746 559 1784 omnia
573 1745 654 1784 hominis
667 1747 736 1784 merita
745 1747 861 1796 praeveniri,
872 1759 908 1796 per

53 1832 112 1870 quem
131 1818 157 1867 fit,
177 1826 197 1858 ut
211 1820 283 1871 aliquid
297 1820 343 1858 boni
362 1826 382 1858 et
400 1818 450 1859 veile
472 1821 585 1870 incipiamus
607 1825 626 1858 et
645 1819 709 1859 iacere
723 1819 776 1872 (Phil,
792 1831 810 1868 2,
829 1821 857 1873 13]

52 1892 116 1933 Tanta
130 1901 160 1933 est
169 1907 216 1945 erga
226 1908 292 1934 omnes
303 1895 391 1934 homines
401 1896 475 1934 bonitas
485 1893 528 1942 Dei,
539 1902 560 1933 ut
574 1901 655 1934 nostra
670 1896 732 1934 velit
746 1907 801 1935 esse
816 1897 907 1942 merita,

53 1982 116 2020 qnae
135 1976 191 2008 sunt
212 1972 289 2021 ipsius
310 1970 383 2017 dona,
406 1975 425 2009 et
443 1983 479 2020 pro
497 1969 532 2018 his,
554 1982 613 2020 quae
633 1970 738 2021 largitus
760 1976 807 2019 est,
829 1976 909 2009 aeterna

53 2046 138 2095 praemia
152 2048 176 2084 sit
190 2044 330 2085 donaturus.»6

105 2120 136 2160 De
151 2120 217 2169 modu,
232 2133 271 2172 quo
286 2133 347 2171 opera
361 2121 412 2160 bona
424 2119 523 2169 justificati
536 2122 633 2158 meritoria
647 2119 694 2159 fiant
708 2119 824 2159 declaratur:

105 2194 201 2235 Meritoria
222 2196 276 2245 fiunt,
299 2209 372 2247 «quum
394 2196 425 2234 itte
446 2197 488 2246 ipse
502 2195 589 2234 Christus
606 2194 660 2242 Jesus
682 2201 774 2245 tanquam
796 2202 865 2246 caput
887 2197 908 2233 in

53 2271 165 2317 membra,
188 2277 208 2309 et
225 2277 318 2322 tanquam
339 2272 396 2310 uitis
416 2271 438 2309 in
459 2270 579 2321 palmites,
601 2272 619 2309 in
637 2272 690 2321 ipsos
707 2269 822 2320 justificatos
836 2271 909 2321 jugiter·

52 2348 166 2385 virtutem
179 2346 278 2394 influat,
292 2358 343 2396 quae
357 2348 417 2385 uirtus
432 2345 484 2384 bona
498 2358 566 2384 eorum
581 2358 641 2396 opera
655 2357 735 2396 semper
749 2343 875 2385 antecedit
890 2350 909 2384 et

49 2423 154 2461 comitatur
170 2429 190 2460 et
210 2422 340 2472 subsequitur,
361 2427 381 2459 et
402 2423 453 2459 sine
474 2433 520 2471 qua
541 2420 609 2458 nullo
630 2427 701 2470 pacto
722 2419 773 2459 Deo
794 2426 864 2470 grata
886 2425 908 2459 et

53 2498 176 2536 meritoria
191 2509 245 2535 esse
260 2501 382 2547 possent1›;
397 2496 495 2534 meritoria
508 2494 557 2534 fiunt
570 2495 678 2534 secundum
692 2494 744 2545 qnod
756 2495 801 2534 dicit
811 2494 907 2534 Christus:

54 2570 142 2623 «Siquis
157 2572 227 2611 biberit
241 2584 268 2610 ex
281 2583 337 2621 aqua,
357 2583 415 2621 quam
435 2582 473 2620 ego
491 2569 542 2608 dabo
560 2572 583 2617 ei,
598 2583 637 2609 non
651 2571 702 2609 sitiet
718 2571 737 2608 in
751 2575 858 2617 aeternum,
873 2569 908 2609 sed

53 2645 87 2686 fiet
105 2648 123 2686 in
140 2659 164 2686 eo
184 2645 227 2686 sons
244 2658 306 2696 aquae
324 2646 408 2685 salientis
425 2647 444 2683 in
461 2646 522 2684 uitam
539 2650 655 2683 aeternam.»
689 2644 728 2683 uita
744 2658 810 2696 neque
828 2646 909 2695 propna

53 2728 119 2761 nostra
134 2723 207 2771 justitia
223 2727 316 2772 tanquam
336 2733 363 2760 ex
380 2721 434 2760 nobis
455 2721 534 2770 propria
555 2720 652 2767 statuitur3
674 2732 739 2770 neque
760 2721 859 2770 ignoratur
876 2725 910 2758 aut

53 2797 166 2848 repudiatur
177 2798 250 2846 justitia
264 2796 306 2835 Dei.
336 2795 392 2844 Quae
406 2796 456 2835 enim
469 2796 542 2844 justitia
561 2800 648 2833 nostra
664 2793 739 2841 dicitur,
755 2795 799 2845 qnia
814 2806 850 2844 per
864 2807 908 2833 eam

54 2872 107 2911 nobis
122 2872 255 2912 inhaerentem
267 2870 399 2921 justificamur,
413 2869 444 2909 iila
463 2869 533 2910 eadem
546 2868 590 2908 Dei
607 2875 641 2916 est,
660 2870 705 2919 quia
720 2882 731 2907 a
744 2869 788 2908 Deo
808 2869 864 2909 nobis
882 2871 909 2908 in·

75 3001 82 3024 ¹
94 3003 152 3041 Propp.
163 3000 235 3033 Eklrardi
246 3001 332 3038 damnatae,
345 3009 401 3039 propp.
414 2998 480 3038 16-19Δ

74 3054 81 3078 '2
96 3057 143 3089 Cone.
155 3054 227 3087 Arausio,
239 3053 256 3087 ΙΙ,
269 3054 306 3084 Can.
320 3052 343 3086 18.

74 3108 81 3131 ³
95 3110 143 3141 Cone.
155 3109 199 3141 Trid.
211 3109 252 3139 Sess.
264 3108 291 3139 VI.
302 3107 341 3137 Can.
353 3115 377 3146 3²·

74 3162 81 3184 4
95 3164 161 3194 Decreta
172 3162 210 3194 fidei
221 3163 270 3193 eone,
281 3160 376 3193 Sunonensis
389 3160 425 3199 Cap.
439 3158 463 3189 16.

74 3217 82 3240 ⁵
96 3217 181 3250 Coelestini
192 3217 198 3247 I
210 3217 255 3257 epist.
266 3217 302 3248 adu.
316 3214 409 3255 Semipelag,
420 3212 458 3253 Cap.
470 3212 485 3244 8.

75 3272 82 3296 ὓ
97 3273 136 3304 ibid.
150 3274 187 3313 Cap.
201 3280 225 3303 12,
