2178 3556
169 186 194 228 68
489 195 508 228 rr.
520 194 711 229 moon-rounam.
923 183 977 227 H.-F.
992 184 1023 227 Kl.

169 316 307 356 doctrinam.
328 313 421 355 Nonnulli
435 317 487 355 enim
501 317 604 366 opinantur
618 314 726 355 doctrinam
738 328 792 355 suam
802 317 881 367 proprie
892 328 934 356 esse
944 314 1024 355 Lutheri

167 404 191 431 ac
205 391 346 432 reformationis
360 390 468 431 doctrinam
483 398 535 430 recte
549 390 667 431 intellectam
687 404 710 432 ac
727 394 880 443 interpretatam,
898 392 927 432 alii
944 392 1023 441 jactant,

167 467 276 507 doctrinam
290 481 345 507 suam
359 466 383 507 nil
398 466 448 507 aliud
463 480 506 508 esse
520 479 579 519 quarn
594 475 749 519 consequentem
763 468 915 519 explicationem
926 467 1023 507 doctrinae

167 542 253 584 Lutheri.
284 542 346 595 Magis
367 542 397 582 uel
420 544 481 582 minus
502 543 554 582 inscii
575 549 634 593 atque
655 542 790 593 imprudentes
810 555 857 594 ergo
878 542 903 581 ad
924 543 1023 593 pristinam

167 619 276 659 doctrinam
290 616 393 657 redierunt,
422 616 473 656 Hinc
487 616 593 667 appellatio
608 625 673 656 nostra
689 616 840 657 «reformationis
854 618 943 657 tacitaen.

220 693 375 733 Concedendurn
390 691 469 743 quidem
485 698 518 738 est,
534 689 616 730 sormam
630 691 729 742 loquendi
745 705 803 743 quarn
821 699 893 732 vocant
911 693 1023 732 termino—

167 769 258 820 logiam
280 767 411 820 dogmaticam
432 769 519 806 usitatam
541 765 594 817 apud
612 765 712 806 Romanos
730 774 750 806 et
765 766 885 806 Lutheranos
904 766 968 807 adhuc
984 781 1022 807 non

167 856 211 884 esse
226 842 314 883 eandem
343 842 441 894 Theologi
459 841 547 882 catholici
565 841 633 889 adhuc,
652 848 672 880 ut
689 848 752 890 antea,
774 855 822 883 voce
841 843 981 892 justificationis
996 845 1023 883 sic

168 925 252 966 utuntur,
276 924 296 956 ut
322 924 360 955 tarn
382 917 550 956 remissionem
571 923 698 968 peccatorum
719 929 779 969 quam
800 916 1022 958 sanctificationem

167 995 204 1034 hoc
219 994 279 1033 verbo
293 991 405 1043 significent.
434 990 539 1031 Lutherani
553 998 618 1030 autem
633 1005 669 1043 per
683 991 767 1032 eandem
781 1004 850 1032 vocem
873 1000 965 1032 tantum
987 1007 1022 1033 re-

166 1071 301 1108 missionem
321 1072 449 1118 peccatorum
470 1069 588 1117 exprimunt.
617 1066 638 1106 Si
655 1079 702 1119 ergo
724 1069 772 1107 scire
793 1067 888 1116 volumus,
910 1067 1022 1108 doctrinane

165 1143 277 1184 Lutlrerana
295 1143 320 1183 de
335 1141 472 1192 justificatione
491 1155 534 1182 cum
553 1142 641 1183 doctrina
655 1143 749 1183 catholica
764 1143 874 1190 concordet¹
890 1143 1022 1194 comparanda

165 1227 195 1259 est
210 1219 297 1259 doctrina
312 1226 376 1258 nostra
386 1218 411 1258 de
424 1219 560 1269 justificatione
571 1231 615 1258 curn
625 1219 720 1258 catholica
729 1219 754 1259 de
764 1220 876 1259 remissione
889 1226 1021 1270 peccatorum,

165 1302 185 1334 at
199 1307 238 1334 non
252 1307 296 1334 cum
311 1294 397 1333 doctrina
412 1293 437 1333 de
451 1300 493 1333 tota
508 1293 643 1343 justificatione
658 1295 752 1334 catholice
770 1301 871 1345 concepta.
900 1294 955 1333 Circa
972 1294 1022 1334 hanc

165 1383 206 1409 rem
227 1369 365 1421 theologorum
385 1370 471 1408 maxima
492 1382 537 1420 pars
558 1375 646 1408 versatur
663 1371 682 1408 in
700 1382 771 1417 errore⁷
790 1371 822 1420 qui
840 1368 881 1409 lons
899 1369 933 1408 luit
950 1369 1021 1409 discor-

164 1445 239 1485 diarum
260 1450 281 1484 et
303 1444 363 1483 litium
388 1443 512 1483 lunestarum.
548 1443 575 1483 Se
598 1446 682 1484 invicem
705 1445 756 1484 male
779 1444 908 1496 intelligentes
931 1444 1021 1497 (propter

164 1520 262 1560 diversam
279 1518 373 1570 loquendi
389 1518 491 1572 rationem)
509 1532 578 1569 puram
594 1520 721 1572 λογομαχίαν
738 1521 852 1571 pugnabant
866 1519 957 1571 theologi.
985 1518 1019 1559 Sin

164 1604 229 1636 antem
251 1597 355 1645 quaeritur,
376 1600 440 1633 utrum
461 1593 564 1633 concordia
585 1607 609 1633 an
624 1594 718 1633 discordia
737 1607 788 1633 nunc
804 1596 827 1633 sit
846 1597 895 1634 inter
909 1607 943 1634 nos
958 1608 1019 1647 quum

164 1671 183 1709 id
208 1671 276 1721 agituri
299 1676 342 1708 nter
364 1670 474 1715 catholicos,
497 1668 550 1720 quod
575 1675 745 1719 protestantes
764 1668 921 1718 justificationem
942 1677 1018 1718 vocant,

163 1745 323 1797 respondendum
342 1751 379 1783 est:
400 1743 458 1783 Nunc
477 1743 617 1783 concordamus
631 1744 696 1794 quoad
718 1758 773 1792 rem,
795 1745 839 1784 Deo
860 1748 937 1796 gratias.
967 1744 1018 1785 Nam

163 1834 224 1872 quum
244 1819 337 1860 Catholici
353 1819 378 1858 de
397 1820 509 1858 remissione
528 1824 653 1869 peccatorum
671 1826 737 1871 agunt,
757 1819 828 1859 docent
846 1833 889 1859 eam
908 1823 966 1872 gratis
984 1823 1019 1859 im-

161 1895 277 1946 petrandam
293 1907 336 1934 esse
349 1896 390 1933 sine
404 1896 473 1934 merito
489 1907 515 1933 ex
529 1895 590 1944 gratia
606 1901 708 1945 operante.
736 1894 762 1934 Et
777 1908 836 1946 quum
849 1898 910 1934 nostri
925 1898 1018 1946 temporis

160 1977 292 2022 protestantes
312 1970 337 2008 de
354 1968 393 2008 fide
410 1969 528 2019 justificante
546 1975 612 2020 agunt,
631 1969 742 2009 concedunt
760 1982 804 2008 eain
823 1983 860 2009 non
880 1983 924 2010 esse
944 1971 1018 2021 simpli-

160 2049 209 2086 citer
226 2058 320 2097 organum
339 2046 467 2095 receptivum,
488 2043 540 2095 quod
560 2046 698 2084 automaticum
717 2052 794 2093 vocant,
812 2045 848 2084 sed
868 2045 928 2085 fidem
945 2047 1016 2093 vivam,

160 2124 190 2160 cui
207 2123 235 2160 uis
255 2122 298 2160 insit
315 2120 391 2159 moralis
410 2119 465 2159 velut
483 2131 564 2170 germen
578 2121 663 2169 justitiae
681 2119 803 2160 inhaerentis.
830 2119 857 2159 Et
874 2120 928 2171 quod
949 2122 1018 2160 attinet

160 2196 184 2235 ad
199 2198 348 2236 conversionem
363 2195 450 2241 hominis
465 2207 517 2245 quae
531 2196 639 2233 necessaria
649 2194 790 2243 justificationis
805 2195 889 2235 conditio
900 2202 934 2243 est,
945 2195 1017 2235 Luthe-

160 2274 199 2310 rani
213 2272 273 2310 nostri
287 2271 381 2320 temporis
396 2270 555 2319 cooperationem
569 2270 624 2308 liberi
637 2270 709 2309 arbitrii
723 2270 832 2318 admittunt,
850 2271 1015 2310 determinismum

158 2347 274 2385 unanimiter
287 2345 420 2396 repudiantes,

211 2421 242 2460 De
257 2420 344 2459 doctrina
358 2426 424 2459 autem
438 2419 518 2459 Lutheri
532 2422 636 2459 novissime
650 2422 745 2472 scriptum
759 2419 802 2459 luit:

213 2495 269 2535 «Die
292 2494 600 2546 Rechtfertigungslehre
623 2495 731 2535 Luthers
754 2497 786 2534 ist
809 2497 878 2535 nicht
901 2496 970 2535 mehr
992 2498 1015 2535 in

156 2570 326 2611 Deutsclrland
345 2570 491 2610 vorhanden.
519 2569 573 2609 Und
590 2570 709 2610 Niemand
727 2571 864 2610 erschriclrt
883 2571 1015 2611 dariiber.»1

210 2645 269 2694 Quod
284 2652 349 2685 autem
366 2647 396 2685 hic
413 2646 438 2685 de
452 2645 556 2685 Germania
574 2648 664 2688 asseritur
685 2646 710 2685 de
732 2646 820 2685 omnibus
842 2646 883 2685 sere
904 2647 1014 2697 regionibus

155 2720 271 2761 Lutheranis
286 2721 323 2761 dici
339 2727 409 2771 potest.

209 2795 340 2836 Reuerterunt
357 2798 464 2835 maximam
481 2795 550 2835 saltem
568 2801 647 2846 partem
660 2794 766 2834 Lutherani
784 2795 808 2834 ad
826 2795 934 2835 doctrinam
947 2797 1013 2836 catho-

135 2889 137 2895 ·
155 2872 211 2911 licam
226 2871 251 2911 de
263 2871 399 2921 justificatione
414 2871 480 2923 quoad
498 2883 551 2910 rem.
579 2870 693 2910 Doctrinam
707 2869 787 2909 Lutheri
801 2871 896 2922 integram
910 2876 931 2910 et
944 2873 1012 2910 immu-

154 2952 215 2986 tatam
230 2948 264 2986 vix
278 2947 356 2986 lucerna
370 2946 463 2998 Diogenis
480 2948 572 2986 invenias.

209 3021 247 3061 Vel
257 3024 330 3073 potius:
345 3021 494 3062 Revertimus
509 3034 550 3062 nos
560 3021 689 3061 Lutherani
699 3020 726 3060 ad
737 3021 866 3061 doctrinam
876 3020 896 3062 S.
907 3021 1011 3062 Thomae

154 3097 184 3138 de
203 3095 399 3149 justificatione,
422 3111 461 3138 non
482 3097 562 3150 quidem
583 3110 607 3138 eo
628 3109 686 3137 sensu
707 3109 730 3137 ac
750 3098 766 3135 si
787 3096 873 3136 doctrina
893 3098 983 3149 Angelici
1000 3111 1011 3137 a

174 3261 180 3283 1
196 3262 216 3293 A.
229 3260 290 3298 Zahn¹
302 3261 359 3293 Ahriss
371 3260 413 3292 einer
426 3260 521 3292 Gesehichte
532 3260 560 3291 der
571 3260 693 3300 euangelischeu
704 3259 767 3291 Kirche,
789 3259 866 3300 Stuttgart
879 3260 924 3300 1893,
936 3271 951 3301 pr
963 3269 989 3301 49.
