2178 3556
169 193 194 234 30
488 193 508 225 rr.
520 192 712 225 nnoon-ronnrno.
922 181 978 223 H-F.
992 181 1025 222 Ki

168 308 275 349 secundum
297 311 334 350 lroc
355 311 423 350 dicitur
442 325 453 350 a
471 310 522 351 Deo
543 311 657 351 voluntas
679 311 779 351 hominis
801 312 953 364 praeparari,
977 318 997 350 et
1015 324 1025 350 a

168 384 253 425 Domino
267 399 345 438 gressus
359 386 441 425 hominis
455 386 544 438 dirigitl

223 460 360 513 «Praeparatio
380 475 428 514 ergo
447 462 529 501 hominis
546 462 571 501 ad
589 464 670 514 gratiam
689 462 799 502 habendam
814 462 910 513 quaedam
925 468 956 501 est
969 460 1024 500 simul

167 549 212 576 cum
227 539 269 587 ipsa
283 537 377 577 infusione
394 539 484 589 gratiaen

224 612 301 652 «Homo
316 612 340 652 ad
355 615 435 665 gratiam
450 625 470 651 se
486 624 603 663 praeparare
618 625 656 651 non
671 614 737 662 possit,
757 613 791 650 nisi
805 611 849 650 Deo
864 624 909 650 eum
923 612 1025 662 praeveni·

169 695 214 727 ente
229 695 249 727 et
263 694 356 727 monente
370 688 395 726 ad
409 688 500 728 bonum»

224 763 268 802 «nd
284 763 321 802 hoc
335 761 387 814 quod
399 761 452 801 Deus
467 763 547 812 gratiam
555 759 643 800 infundat
655 761 735 808 animae,
746 761 798 800 nulla
807 762 931 812 praeparatio
941 761 1025 812 exigitur

169 851 228 889 quam
243 840 285 889 ipse
300 851 338 877 non
351 835 440 876 saciata2

223 989 240 1029 3.
269 975 340 1016 Utrum
355 974 466 1014 rrrcrssarr'o
480 974 540 1013 datur
550 975 625 1025 gratia
639 988 660 1014 sr
674 975 816 1027 praeparanti
828 974 859 1015 ad
871 976 973 1026 gratiam,
993 975 1026 1014 ael

162 1051 254 1102 satietati
267 1050 322 1102 qaod
334 1051 355 1089 ia
367 1063 390 1088 sr
402 1056 435 1088 est.

224 1136 301 1176 «Homo
315 1142 438 1187 comparatur
452 1135 476 1175 ad
491 1135 563 1184 Deum,
577 1137 626 1176 sicut
640 1136 702 1175 lutum
717 1135 740 1175 ad
755 1136 842 1189 figulum,
856 1137 964 1176 secundum
977 1135 1023 1176 illud

167 1211 237 1260 Jerem.
255 1213 284 1259 18,
299 1211 319 1251 6:
341 1210 395 1251 Sicut
413 1210 475 1250 lutum
492 1212 511 1250 in
528 1224 586 1250 manu
604 1211 663 1263 figuli,
683 1213 710 1251 sic
723 1225 759 1252 uos
773 1215 792 1251 in
806 1225 864 1252 manu
878 1226 927 1252 mea.
942 1236 968 1241 -
983 1212 1023 1252 Sed

167 1287 229 1326 lutum
250 1300 289 1327 non
310 1300 337 1327 ex
356 1289 472 1327 necessitate
493 1288 564 1337 accipit
588 1286 670 1326 sormam
688 1300 699 1326 a
719 1287 784 1338 figulo,
806 1295 979 1340 quantumcunque
1000 1290 1024 1327 sit

167 1369 312 1414 praeparatum
340 1361 393 1413 Ergo
414 1374 479 1414 neque
501 1362 560 1401 lromo
582 1363 651 1413 recipit
672 1375 699 1401 ex
719 1365 836 1403 necessitate
853 1363 1024 1415 gratiamaDeo,

168 1437 340 1489 quantumcunque
354 1450 375 1477 se
390 1443 513 1489 praeparet.»

222 1513 345 1553 «Dicendum
358 1514 408 1552 sicut
422 1526 481 1564 supra
495 1512 568 1552 dictum
582 1519 612 1552 est
626 1519 661 1555 art.
676 1526 741 1564 praec,
761 1516 884 1565 praeparatio
902 1514 984 1554 hominis
999 1513 1023 1554 ad

166 1592 247 1641 gratiam
262 1596 293 1628 est
306 1602 317 1628 a
331 1589 381 1628 Deo
396 1590 457 1628 sicut
471 1602 482 1628 a
496 1595 616 1636 movente,
635 1589 737 1628 alibero
752 1596 832 1629 autem
846 1590 944 1629 arbitrio
961 1591 1024 1629 sicut

167 1670 259 1704 amoto.

219 1739 287 1779 Potest
306 1738 364 1790 igitur
385 1741 508 1790 praeparatio
525 1738 629 1790 dupliciter
647 1739 774 1779 considerari:
795 1753 834 1779 uno
855 1740 935 1792 quidem
955 1740 1021 1788 modo,

165 1814 273 1855 secundum
295 1813 347 1866 quod
371 1820 401 1853 est
422 1827 433 1853 a
456 1814 537 1853 libero
561 1814 673 1862 arbitrio,
698 1821 718 1854 et
739 1815 847 1854 secundum
871 1816 909 1855 hoc
932 1815 1022 1854 nullam

165 1891 302 1930 necessitatem
315 1890 375 1929 habet
389 1888 413 1929 ad
428 1891 502 1941 gratiae
516 1891 680 1937 consecutionem,
696 1892 740 1941 quia
751 1889 823 1930 donum
834 1892 907 1941 gratiae
922 1890 1023 1930 excedit

165 1978 256 2005 omnem
275 1966 487 2016 praeparationem
505 1966 604 2004 virtutis
622 1963 769 2004 huntanae.i3

219 2041 276 2080 «Alio
294 2040 353 2079 modo
369 2046 437 2091 potest
455 2039 572 2079 considerari
590 2040 698 2079 secundum
717 2040 771 2091 quod
790 2047 820 2079 est
834 2054 845 2079 a
859 2040 902 2079 Deo
917 2046 1010 2080 movente
1016 2057 1020 2088 ;

164 2123 184 2155 et
199 2122 245 2155 tunc
259 2116 319 2154 habet
333 2116 509 2154 necessitatem
523 2115 548 2153 ad
556 2115 575 2153 id
584 2115 607 2153 ad
616 2115 670 2165 quod
678 2114 797 2154 ordinatura
807 2115 906 2163 Deonon
921 2115 1021 2167 quidem

164 2193 308 2238 coactionis,
323 2190 357 2229 sed
377 2189 570 2237 infallibilitatis,
590 2191 635 2241 quia
649 2192 729 2229 intentio
744 2190 782 2229 Dei
796 2189 881 2230 deficere
896 2203 934 2230 non
948 2198 1020 2242 potest,

163 2266 271 2307 secundum
287 2266 340 2318 quod
354 2265 505 2316 Augustinus
520 2264 587 2304 dicitz4
608 2264 650 2304 'Per
665 2265 758 2304 beneficia
772 2265 810 2305 Dei
824 2263 960 2305 certissime
975 2266 1021 2305 libe-

163 2349 229 2382 rantur
246 2344 365 2393 quicumque
383 2340 500 2380 liberantur'.
519 2364 545 2368 —
562 2339 620 2379 Unde
637 2342 652 2378 si
669 2353 695 2379 ex
709 2342 814 2380 intentione
829 2340 866 2380 Dei
880 2343 977 2381 moventis
992 2348 1022 2380 est

163 2418 216 2469 quod
231 2418 297 2464 homo,
312 2418 365 2467 cujus
381 2428 414 2455 cor
427 2423 500 2463 moret,
518 2418 599 2466 gratiam
614 2423 751 2468 consequatur,
765 2414 931 2455 infallibiliter
945 2418 1020 2467 ipsam

163 2495 331 2544 consequitur,
352 2491 460 2530 secundum
479 2490 525 2530 illud
543 2490 597 2538 Joan.
615 2490 634 2539 6,
648 2502 684 2543 45:
706 2491 775 2531 Omnis
793 2494 827 2543 qui
845 2491 943 2530 audirrita
957 2491 1020 2539 Patre,

163 2574 183 2607 et
197 2567 268 2615 didicit,
283 2568 337 2606 venit
350 2565 375 2605 ad
389 2579 439 2605 men

217 2642 283 2682 «Deus
296 2644 315 2681 in
325 2641 426 2681 uoluntate
436 2643 475 2693 agit
489 2654 533 2680 non
547 2654 591 2692 per
605 2641 657 2680 mod
664 2655 701 2680 um
715 2642 882 2687 necessitatis,
898 2643 943 2691 quia
952 2641 1020 2679 volun-

163 2724 223 2758 tatem
244 2731 291 2757 non
312 2720 387 2768 cogit,
409 2716 444 2756 sed
466 2722 533 2756 monet
554 2729 597 2755 eam
620 2729 658 2755 non
679 2715 785 2756 arilerendo
805 2717 821 2755 ei
838 2715 925 2764 modum⁷
948 2717 981 2767 qui
1001 2717 1020 2754 in

161 2794 279 2845 libertate
301 2793 328 2832 ad
348 2792 494 2832 utrumlibet
514 2794 585 2831 existit.
614 2790 640 2830 Et
658 2790 708 2838 ideo,
728 2793 816 2841 quamuis
835 2790 911 2829 diuinae
925 2790 1020 2829 uoluntati

162 2869 207 2908 nihil
222 2871 304 2917 resistat,
323 2874 388 2907 tamen
405 2868 494 2907 voluntas
512 2868 627 2918 exsequitur
643 2865 728 2905 diuinam
746 2866 868 2905 uoluntatem
888 2864 1019 2905 secundum

184 3041 190 3063 1
203 3041 238 3073 Art.
250 3041 268 3080 ll,
281 3050 294 3080 3.

182 3094 190 3117 2
203 3094 243 3127 lbid.

183 3148 190 3171 ³
204 3149 239 3180 Art.
251 3148 275 3184 ΙΙΙ,
288 3157 301 3187 3,

182 3202 189 3225 4
204 3202 239 3234 tiu.
251 3211 261 3241 c>
274 3203 293 3233 de
305 3202 448 3233 l’ruedestinutione
459 3205 550 3233 sanctornm
562 3203 595 3241 (seu
607 3203 627 3232 de
640 3202 685 3232 Dono
700 3201 830 3240 perseverantiae.
842 3201 868 3239 qni
879 3201 917 3231 olim
929 3200 951 3230 illi
963 3209 1019 3231 annec-

204 3258 267 3287 tebatur
278 3265 312 3296 cap,
326 3265 343 3296 14
355 3266 431 3296 parumn
442 3257 504 3297 prino).
