2178 3556
178 237 811 312 Q
932 236 988 278 He
1002 233 1034 276 ffl-

178 364 244 404 Deum
265 379 312 406 nou
333 369 453 418 imputare
473 375 577 420 peccatum
591 368 670 416 homiui,
685 369 777 419 importat
791 367 897 418 quemdam
919 366 1034 407 effectum

178 442 197 479 in
218 442 262 492 ipso
283 444 314 483 cui
335 449 438 494 peccatum
459 457 498 484 nou
518 446 632 496 imputatum
655 444 708 496 quod
731 446 780 484 enim
799 444 855 483 alicui
873 456 911 482 non
929 444 1034 494 imputetur

178 522 283 566 peccatum
298 531 309 558 a
324 517 374 568 Deo,
388 532 415 559 ex
428 519 492 559 diuina
506 520 608 560 dilectione
623 518 746 571 proceditu1

233 658 250 697 3.
277 645 350 686 Utrum
364 648 394 687 ud
401 648 566 700 justificationem
582 646 641 698 impii
655 648 776 699 requiratur
789 654 854 686 artatus
867 646 929 685 liberi
943 645 1033 686 arbitrii.

235 730 315 771 «Nullus
329 735 382 773 veuit
396 734 421 772 ad
435 733 498 773 Deum
514 745 550 784 per
563 734 644 784 gratiam
662 733 799 782 justificantem
817 733 891 783 absque
910 738 964 772 motu
981 732 1034 771 liberi

178 806 267 845 arbitrii.»

234 880 357 928 «Justificatio
378 884 432 932 impii
452 882 474 921 fit
494 882 544 922 Deo
565 889 678 922 mouente
700 883 798 922 hominem
819 883 843 922 ad
863 884 962 933 justitiam.
990 881 1034 933 ipse

179 957 230 995 enim
245 962 275 994 est
289 958 322 1007 qui
334 956 425 1006 justificat
439 958 526 1008 impium,
541 964 562 997 ut
576 957 645 997 dicitur
655 957 690 997 Ro.
702 971 719 1010 3.
740 957 796 997 Dens
810 965 874 997 autem
889 964 957 997 movet
970 959 1034 997 omnia

178 1031 311 1071 secundum
326 1032 421 1071 modum
437 1034 625 1084 uniuscujusque
637 1065 641 1072 .
653 1066 656 1073 .
669 1066 672 1072 ,
686 1032 745 1073 Unde
758 1040 779 1072 et
792 1033 890 1072 homiuem
903 1033 927 1072 ad
940 1034 1033 1083 justitiam

178 1112 246 1146 mouet
260 1107 366 1147 secundum
386 1107 555 1148 conditionem
574 1116 674 1148 naturae
696 1110 817 1150 burnanae.
845 1108 911 1148 Homo
925 1115 990 1148 autern
1004 1122 1033 1148 se-

178 1181 262 1221 cundum
278 1184 375 1233 propriam
392 1190 478 1222 naturam
494 1184 553 1223 habet
568 1184 620 1235 quod
636 1187 660 1224 sit
673 1185 726 1224 liberi
741 1185 829 1226 arbitrii.»

233 1256 270 1296 «Et
284 1256 328 1296 ideo
342 1259 360 1296 in
375 1271 399 1297 eo
414 1260 447 1310 qui
461 1259 520 1298 habet
534 1273 589 1298 usum
604 1260 658 1299 liberi
673 1261 748 1307 arbitrii,
763 1273 802 1300 non
816 1259 838 1299 fit
852 1262 912 1299 motio
926 1273 937 1299 a
951 1259 994 1299 Deo
1008 1258 1033 1298 ad

175 1335 268 1384 justitiam
283 1334 358 1384 absque
372 1341 427 1374 motu
441 1335 495 1374 iiberi
509 1335 589 1383 arbitrii;
604 1336 639 1374 sed
655 1337 687 1375 ita
709 1335 814 1375 infundit
835 1336 922 1375 donum
941 1336 1033 1386 gratiae

175 1408 342 1459 justificantis
363 1411 416 1460 quod
436 1412 493 1449 etiam
512 1411 567 1450 simui
586 1423 629 1451 cum
649 1412 686 1451 hoc
705 1418 773 1451 movet
792 1412 873 1451 liberum
887 1411 985 1450 arbitrium
1006 1410 1033 1449 ad

177 1484 261 1524 donum
275 1488 369 1537 gratiae
384 1487 558 1538 acceptandum
572 1489 591 1526 iu
600 1487 629 1526 his
639 1489 672 1539 qui
686 1493 730 1527 sunt
744 1488 800 1538 hujus
814 1488 904 1527 motionis
919 1485 1034 1538 capaces.›1²

231 1560 263 1600 «tn
284 1560 379 1601 infusione
400 1563 473 1613 gratiae
492 1562 612 1612 justificantis
635 1569 665 1602 est
685 1562 782 1614 quaedam
803 1564 938 1602 transmutatio
958 1564 1033 1601 animae

177 1638 282 1685 humanae;
297 1644 317 1677 et
334 1637 389 1677 ideo
409 1640 511 1689 requiritur
524 1646 589 1678 motus
604 1640 694 1689 proprius
709 1641 784 1678 animae
798 1639 900 1686 humanae,
915 1645 936 1677 ut
955 1639 1034 1676 anima

176 1719 307 1752 moveatur
324 1714 455 1753 secundum
473 1713 571 1754 modum
585 1713 685 1754 suum.»3

228 1852 246 1890 4.
276 1841 347 1882 Utrum
362 1843 393 1882 ad
399 1844 568 1896 justificationem
583 1845 644 1897 irrupit
657 1843 779 1895 requiratur
790 1849 855 1882 motus
864 1842 924 1894 fidei,

227 1927 286 1968 Rom.
302 1940 319 1981 5,
337 1943 354 1969 1:
372 1930 482 1978 «iustificati
495 1933 553 1982 igitur
567 1945 593 1971 ex
606 1931 647 1971 fide
661 1943 731 1982 pacem
746 1931 852 1969 habeamus
867 1928 891 1968 ad
906 1928 988 1968 Deumn

230 2004 306 2044 «Motus
321 2006 374 2045 iiberi
389 2007 459 2046 arbitrii
472 2009 576 2058 requiritur
586 2007 610 2046 ad
623 2006 780 2058 justificationem
792 2006 851 2055 impii,
862 2003 969 2043 seeundum
979 2004 1033 2055 quod

175 2093 230 2120 mens
244 2081 327 2119 hominis
341 2088 433 2121 movetur
447 2095 458 2121 a
471 2082 521 2122 Deo.
550 2082 604 2122 Deus
621 2088 686 2121 autern
700 2087 768 2120 monet
782 2082 865 2119 animam
879 2081 961 2119 hominis
977 2092 1033 2120 cou-

174 2155 298 2196 vertendo
313 2169 357 2195 eam
371 2157 396 2196 ad
411 2171 432 2197 se
447 2160 516 2208 ipsum.
544 2157 571 2197 Et
585 2157 630 2197 ideo
645 2156 669 2196 ad
684 2155 841 2206 justificationem
859 2156 913 2205 impii
931 2157 1034 2206 requiritur

175 2238 239 2271 motus
253 2233 330 2280 mentis,
344 2245 384 2283 quo
399 2236 554 2273 conuertitur
567 2236 586 2273 iu
599 2233 671 2274 Deum.
700 2232 763 2271 Prima
776 2238 842 2271 autem
863 2233 989 2271 conversio
1009 2234 1033 2271 in

174 2306 250 2346 Deum
271 2306 300 2346 iit
321 2321 363 2358 per
384 2307 464 2348 iidem.
492 2308 541 2348 Hbr.
559 2322 587 2357 11,
602 2307 620 2349 6.
648 2307 675 2348 Et
693 2307 737 2347 ideo
754 2313 818 2346 motus
832 2306 878 2346 fidei
892 2308 993 2357 requiritur
1007 2307 1032 2347 ad

172 2383 330 2432 justificationem
343 2383 431 2434 impune

229 2458 278 2498 «Per
295 2460 427 2510 cognitionem
444 2460 551 2500 naturaiem
570 2461 630 2499 homo
649 2472 688 2498 non
705 2460 825 2498 convertitur
841 2459 860 2497 in
874 2456 946 2497 Deum.
973 2457 1032 2498 Unde

174 2533 215 2573 talis
237 2536 321 2585 cognitio
341 2548 381 2574 non
402 2534 473 2574 sufficit
493 2535 518 2574 ad
538 2534 701 2585 justificationem.
736 2533 816 2573 Donum
838 2539 905 2572 autem
925 2535 1032 2584 sapientiae

175 2612 317 2660 praesupponit
337 2612 503 2662 cognitionem
525 2610 603 2650 fidei.»

229 2685 356 2733 «Dicendum,
378 2687 427 2725 sicut
441 2686 550 2737 Apostolus
572 2686 617 2726 dicit
635 2685 658 2725 ad
676 2684 732 2724 Rom.
748 2695 766 2733 4,
783 2695 803 2737 5:
832 2683 932 2723 'Credenti
949 2686 968 2723 in
985 2697 1031 2724 eum

146 2790 148 2796 .
174 2761 207 2810 qui
226 2760 319 2809 justificat
339 2763 427 2812 impium,
449 2763 571 2813 reputabitur
587 2761 638 2800 fides
654 2762 695 2810 ejus
712 2760 736 2799 ad
753 2761 846 2809 justitiam
865 2758 972 2799 seeundum
985 2772 1031 2810 pro-

174 2837 260 2885 positum
275 2837 348 2887 gratiae
358 2835 408 2877 Dei’
437 2836 469 2876 Ex
478 2850 518 2887 quo
528 2842 583 2888 patet
593 2835 647 2887 qnod
661 2838 681 2875 in
692 2835 828 2886 justificatione
838 2837 893 2885 impii
906 2837 1033 2885 requiritur

175 2915 242 2949 actus
263 2909 323 2950 fidei
344 2918 459 2961 quantum
481 2912 509 2951 ad
530 2912 575 2951 hoc
596 2909 661 2961 quod
682 2911 754 2950 humo
775 2909 860 2949 credat
880 2908 955 2949 Deum
975 2922 1032 2949 esse

171 2983 364 3034 justificatorem
385 2986 506 3026 hominum
527 3000 571 3038 per
591 2986 735 3037 mysterium
756 2983 879 3025 Christi.»5

195 3090 281 3124 1Au.ss.
327 3088 329 3092 ’

194 3143 201 3167 2
217 3146 253 3176 Art.
266 3145 290 3176 ΙΙΙ.

195 3197 359 3230 turturinum.

194 3250 203 3273 4
217 3252 254 3283 Au.
265 3252 287 3284 IV
298 3253 314 3284 in
325 3254 384 3286 medio

194 3305 202 3329 ⁵
216 3306 258 3338 [hid.
269 3307 286 3337 in
297 3305 332 3339 fine.
