2178 3556
140 180 164 233 {8
454 192 476 237 ir.
488 195 680 239 uaoourouurluo.
894 184 950 237 H.-F.
964 184 996 235 iu.

138 321 204 362 denuo
218 321 333 369 illustrante,
348 321 401 363 unde
416 325 518 375 requiritur
532 323 629 363 habitualc
644 323 723 372 donum,
739 324 792 376 quod
803 332 833 365 est
842 327 915 377 gratiae
924 324 995 365 lumen.

138 395 232 438 Similiter
246 398 295 439 ordo
309 404 389 437 naturae
404 401 489 449 reparari
502 411 542 439 non
554 405 627 450 potest,
643 406 663 439 ut
676 400 750 440 scilicet
760 400 848 440 uoluntas
861 400 942 440 hominis
952 399 996 439 Deo

137 472 256 523 subjiciatur,
270 472 376 514 nisiDeo
391 474 540 514 uoluntatem
555 474 656 515 hominis
670 473 698 514 ad
713 487 738 514 se
753 474 872 514 trahente.
904 474 996 514 Similiter

135 549 197 587 etiam
215 555 281 588 reatus
299 562 376 600 poenae
395 557 485 589 aeternae
503 551 573 590 remitti
588 563 626 589 non
640 556 707 601 potest
721 550 755 588 nisi
769 563 780 588 a
793 535 844 596 Deo,
859 550 878 588 in
892 562 951 601 quem
966 556 996 589 est

138 621 213 662 offensa
227 625 337 672 commissa,
351 630 371 663 et
386 626 419 676 qui
433 631 462 663 est
476 624 576 663 hominum
587 623 657 674 judex.
685 622 711 663 Et
725 624 769 663 ideo
783 625 887 674 requiritur
903 624 995 663 auxilium

133 700 211 749 gratiae
225 698 250 738 ad
265 699 302 738 hoc
317 698 370 750 quod
385 698 444 738 homo
458 712 469 738 a
483 705 566 749 peccato
580 705 673 750 resurgat,
695 705 720 737 et
741 703 858 749 quantum
879 697 905 738 ad
926 698 994 738 habi-

135 774 206 813 tuale
221 773 318 821 donum,
333 780 356 813 et
370 780 487 825 quantum
501 773 530 813 ad
544 763 686 812 interiorem
701 772 745 812 Dei
763 774 911 812 motionem.»

193 847 302 888 «Naturalis
316 850 364 888 ratio
378 861 417 888 non
432 855 460 888 est
474 847 571 888 sufficiens
586 849 701 899 principium
719 848 775 897 hujus
792 848 884 896 sanitatis,
899 861 949 900 quae
964 854 994 888 est

138 925 157 964 in
170 924 250 963 homine
264 936 301 974 per
314 925 395 974 gratiam
407 923 554 973 justificantem,
573 922 608 962 sed
623 922 679 972 hujus
694 924 838 973 principium
853 929 890 962 est
904 925 992 974 gratia,

138 1011 190 1051 quae
205 998 278 1037 tollitur
291 1011 327 1049 per
340 1005 449 1049 peccatum.
469 997 498 1037 Et
512 998 569 1038 ideo
583 1011 628 1038 non
644 1004 726 1049 potest
740 998 807 1037 homo
820 1011 865 1049 per
878 1011 903 1037 se
916 999 993 1048 ipsum

138 1075 258 1125 reparari;
280 1072 315 1113 sed
336 1073 410 1125 indiget
428 1079 449 1112 ut
467 1074 532 1113 denuo
549 1075 566 1113 ei
585 1073 650 1113 lumen
666 1074 739 1125 gratiae
754 1072 870 1121 infundatur,
891 1074 953 1112 sicut
973 1074 992 1112 si

138 1150 235 1200 corpori
253 1154 348 1188 mortuo
365 1148 536 1188 resuscitando
555 1148 636 1189 denuo
654 1147 822 1188 infunderetur
840 1149 934 1187 anima.»

194 1223 296 1263 «Humana
309 1231 376 1263 natura
391 1223 478 1263 defluens
492 1236 529 1274 per
543 1230 607 1263 actum
621 1224 703 1274 peccati,
718 1225 763 1274 quia
777 1237 815 1263 non
829 1229 896 1263 manet
910 1224 991 1273 integra,

137 1298 172 1339 sed
187 1301 322 1349 corrumpitur,
337 1312 375 1338 non
390 1304 456 1349 potest
471 1311 507 1349 per
520 1311 541 1338 se
555 1300 618 1349 ipsam
632 1301 718 1349 reparari
732 1311 796 1350 neque
812 1301 869 1337 etiam
884 1297 908 1337 ad
918 1298 991 1349 bonum

137 1376 172 1414 sibi
194 1374 367 1420 connaturale,
392 1380 412 1413 et
433 1373 509 1412 multo
530 1375 609 1412 minus
632 1373 661 1412 ad
685 1374 772 1413 bonum
795 1372 992 1424 supernaturale

135 1448 281 1499 justitiae.»1

190 1589 208 1629 8.
237 1587 309 1628 [strum
323 1587 383 1627 homo
396 1588 441 1627 stne
451 1588 526 1639 gratia
535 1588 602 1640 possit
614 1601 654 1627 non
667 1595 757 1640 peccare.

192 1672 224 1712 «ln
238 1679 289 1713 statu
303 1678 383 1712 naturae
398 1679 501 1724 corruptae
519 1673 593 1724 indiget
611 1674 670 1712 homo
687 1676 748 1723 gratia
761 1673 852 1712 habituali
866 1679 945 1712 sanante
960 1685 992 1710 na-

136 1755 198 1788 turam
220 1748 244 1787 ad
266 1748 303 1787 hoc
323 1747 377 1800 quod
399 1750 502 1787 omninoa
519 1754 602 1799 peccato
623 1749 724 1789 abstineat.
754 1748 810 1797 Quae
824 1747 903 1798 quidem
917 1748 991 1786 sanatio

134 1825 198 1874 primo
212 1823 234 1862 fit
248 1825 266 1861 in
284 1824 383 1874 praesenti
403 1825 442 1861 vita
461 1823 569 1862 secundum
590 1830 682 1870 mentem,
704 1825 793 1874 appetitu
814 1822 885 1862 carnali
905 1821 991 1861 nondum

134 1899 220 1938 totaliter
236 1903 332 1948 reparato.
360 1898 382 1937 Iu
399 1911 439 1949 quo
456 1898 536 1950 quidem
554 1905 604 1938 statu
623 1905 691 1949 potest
707 1899 767 1938 homo
785 1898 882 1937 abstinere
901 1898 925 1936 ab
939 1899 991 1936 omni

133 1979 217 2024 peccato
238 1972 339 2021 mortali,
361 1985 401 2012 non
422 1978 487 2012 autem
508 1980 575 2023 potest
595 1975 655 2013 homo
676 1974 774 2013 abstinere
796 1973 821 2012 ab
842 1974 895 2011 omni
907 1977 991 2022 peccato

134 2049 225 2089 veniali
239 2054 322 2099 propter
335 2050 481 2099 corruptionem
496 2048 590 2088 inferioris
604 2051 703 2099 appetitus
718 2048 864 2087 sensualitatis.»

188 2133 292 2173 «Similiter
305 2134 364 2173 etiam
378 2140 484 2184 antequam
497 2134 579 2173 hominis
595 2136 648 2181 ratio,
659 2136 677 2173 in
687 2146 727 2186 qua
737 2140 767 2172 est
775 2139 880 2184 peccatum
890 2131 990 2179 mortale,2

133 2215 236 2262 reparetur
249 2222 287 2259 per
300 2210 381 2260 gratiam
394 2208 538 2258 justificantem,
548 2215 616 2259 potest
630 2209 722 2259 singula
735 2215 817 2259 peccata
826 2208 913 2247 mortalia
923 2209 990 2255 uitare,

133 2291 153 2324 et
167 2283 275 2323 secundum
290 2283 368 2333 aliquod
384 2289 471 2334 tempus;
494 2286 539 2334 quia
555 2296 594 2323 non
607 2296 688 2323 necesse
702 2290 733 2323 est
747 2283 799 2335 quod
815 2285 905 2323 continuo
920 2288 990 2333 peccet

132 2362 152 2399 in
166 2365 226 2398 actu.
255 2358 296 2398 Sed
312 2358 365 2409 quod
380 2357 413 2396 diu
428 2365 507 2397 maneat
521 2359 596 2409 absque
610 2365 693 2409 peccato
710 2359 792 2406 mortali,
807 2371 850 2397 esse
865 2371 903 2397 non
918 2363 989 2408 potest.

132 2433 191 2474 Unde
212 2434 317 2484 Gregorius
339 2433 386 2472 dicit
404 2432 457 2484 quod
475 2439 580 2483 peccatum
598 2434 652 2485 quod
670 2446 718 2473 mox
737 2446 772 2484 per
790 2435 930 2485 poeniteutiam
951 2445 989 2471 non

133 2509 215 2556 deletur,
231 2521 266 2547 suo
281 2507 369 2559 pondere
384 2508 409 2547 ad
424 2508 474 2547 aliud
490 2509 565 2548 trahit.»

187 2594 265 2644 «Quum
287 2597 337 2635 enim
358 2596 418 2634 homo
439 2608 478 2634 uon
496 2595 556 2634 habet
574 2606 607 2633 cor·
623 2606 678 2633 suum
697 2593 793 2633 firmatum
812 2594 831 2631 in
849 2592 898 2640 Deo,
918 2598 939 2630 ut
952 2605 989 2644 pro

132 2671 184 2710 nullo
199 2671 251 2710 bono
266 2669 406 2722 consequendo
421 2670 451 2708 uel
467 2670 518 2709 malo
533 2669 612 2708 vitando
627 2669 651 2707 ab
666 2681 689 2707 eo
703 2670 789 2719 separari
804 2667 869 2713 vellet,
888 2673 989 2706 occurrunt

132 2746 193 2785 multa
206 2752 290 2796 propter
304 2759 355 2797 quae
370 2744 510 2796 consequenda
521 2745 550 2784 vel
566 2743 646 2783 vitanda
659 2743 719 2782 homo
733 2742 807 2782 recedit
817 2755 828 2781 a
837 2741 888 2789 Deo,
902 2748 988 2781 contem-

132 2820 197 2861 nendo
211 2827 319 2871 praecepta
332 2822 402 2871 ipsius3
420 2826 440 2859 et
452 2822 479 2859 ita
492 2812 564 2870 peccat
578 2819 702 2858 mortaliter.»

188 2905 309 2944 «Dicendum
323 2918 370 2957 ergo
385 2905 440 2957 quod
454 2908 504 2945 sine
521 2907 601 2957 gratia
618 2904 689 2943 homo
708 2909 835 2954 peccatum
849 2904 929 2941 uitare
943 2916 987 2942 non

131 2987 221 3033 potest.
250 2980 291 3021 Sed
305 2981 342 3020 hoc
357 2980 411 3032 quod
426 2981 511 3020 bonum
526 2980 578 3028 velit,
593 2980 669 3018 habet
683 2991 713 3017 ex
727 2978 818 3017 auxilio
833 2977 958 3027 gratiae.»3

153 3155 159 3178 1
174 3154 214 3187 lbid¹
226 3154 260 3184 Art.
272 3153 305 3186 VH.

152 3208 159 3232 2
173 3209 183 3241 Ι,
197 3218 209 3241 e.
220 3211 302 3247 peccatum
314 3208 380 3238 mortale
391 3207 408 3238 srt
420 3217 481 3247 semper
491 3216 528 3237 cum
540 3203 637 3237 conscientia
648 3203 709 3242 culpae,

151 3264 159 3287 'l
173 3263 214 3296 ibid.
225 3262 260 3295 Art.
272 3262 313 3295 Vttl.
