2178 3556
493 196 513 230 K.
525 195 715 230 KROGH-TONNING.

230 315 248 368 a)
262 314 339 355 Relatio
352 314 408 365 hujus
423 314 523 354 doctrinae
537 314 561 355 ad
576 314 683 355 doctrinam
696 315 803 356 Lutheri.

230 389 286 431 Haec
300 403 343 431 cum
358 389 445 430 doctrina
459 389 479 430 S.
494 388 584 430 Thomae
598 403 637 431 non
650 391 765 432 concordat:

231 466 251 518 a)
265 465 361 517 Imprimis
375 468 421 518 quia
431 465 518 506 doctrina
527 465 607 506 Lutheri
621 466 724 506 liberum
739 466 864 507 arbitrium
879 467 1043 513 econversione,

177 555 188 580 e
203 541 341 591 justificatione
358 540 445 581 excludit
463 540 493 581 vel
512 542 577 592 potius
596 543 613 580 in
631 543 671 581 vita
685 541 768 581 humana
782 543 861 581 omnino
876 547 940 592 negat,
955 541 1033 580 mutatis

176 617 240 655 uerbis
255 619 301 668 quia
314 616 411 657 Lutherus
425 630 462 667 pro
476 629 530 656 mero
544 616 730 656 determinismo
747 616 880 668 propugnat.1

231 690 278 731 «Est
292 693 385 743 imprimis
399 692 527 731 necessarium
542 704 605 740 nosse,
620 691 673 742 quod
689 691 743 731 Deus
761 693 825 731 omnia
843 691 995 731 incommutabili
1013 698 1033 730 et

176 774 255 807 aeterna
276 765 407 818 infallibilique
429 766 528 805 voluntate
549 772 569 805 et
583 766 685 817 praevidet
700 775 720 805 et
740 768 858 818 proponit
879 773 899 806 et
920 765 1031 806 lacit

176 840 208 881 Ex
223 854 263 892 quo
278 843 371 893 sequitur,
392 843 471 880 omnia
491 854 551 892 quae
573 840 683 889 iacimus,
705 843 769 881 omnia
784 854 835 893 quae
850 841 898 881 liunt
964 854 1032 881 reuera

175 917 223 957 liunt
233 918 373 956 necessario
384 923 408 955 et
422 915 614 964 immutabiliter,
629 918 645 954 si
654 916 692 956 Dei
702 917 823 956 voluntatem
833 915 942 967 spectes.»2
962 916 1032 956 «Adeo

175 1000 213 1031 stat
227 998 247 1031 et
260 997 364 1042 permanet
378 992 449 1030 invicta
463 992 564 1039 sententia,
579 992 643 1031 omnia
656 993 772 1031 necessitate
786 991 860 1032 lieri.»a

230 1066 339 1120 «Sequitur,
353 1065 436 1105 liberum
450 1067 548 1105 arbitrium
567 1079 610 1107 esse
629 1067 687 1117 plane
708 1066 815 1106 diuinum
836 1079 913 1114 nomen,
931 1079 968 1106 nec
989 1066 1031 1105 ulli

175 1155 233 1192 posse
252 1147 372 1192 competere,
391 1154 451 1192 quam
470 1140 505 1180 soli
519 1141 595 1181 divinae
609 1143 705 1192 majestati
773 1141 832 1191 Quod
847 1143 862 1180 si
877 1141 985 1180 hominibus
1001 1142 1031 1180 tri-

173 1217 242 1263 buitur,
257 1216 316 1256 nihilo
330 1218 400 1255 rectius
415 1216 507 1264 tribuitur,
523 1229 582 1267 quam
596 1219 611 1256 si
625 1216 714 1256 diuinitas
728 1230 809 1269 quoque
818 1218 861 1267 ipsa
871 1218 898 1255 eis
908 1217 1030 1262 tribueretur,

173 1305 213 1344 quo
227 1292 327 1342 sacrIlegio
341 1290 413 1330 nullum
429 1304 473 1331 esse
486 1293 549 1341 majus
563 1292 656 1342 possitae

227 1366 293 1406 «Deus
311 1365 435 1405 absconditus
452 1368 471 1405 in
487 1368 590 1416 majestate
607 1380 672 1417 neque
690 1367 781 1418 deplorat
798 1380 863 1418 neque
877 1367 926 1406 tollit
940 1372 1030 1414 mortem,

174 1442 208 1481 sed
223 1447 337 1492 operatur
351 1443 435 1488 vitam,
453 1448 553 1481 mortem
570 1450 595 1481 et
608 1444 684 1482 omnia
697 1444 720 1481 in
735 1444 864 1482 omnibus.»
897 1441 962 1482 «Deus
976 1453 1030 1481 mera

174 1517 274 1556 uoluntate
288 1529 324 1555 sua
337 1516 425 1555 homines
440 1516 517 1564 deserit,
532 1516 614 1566 indurat,
629 1516 741 1556 damnati5

228 1601 277 1642 «Hic
291 1609 322 1641 est
335 1601 380 1641 fidei
394 1615 481 1642 summus
495 1603 572 1653 gradus,
588 1602 668 1642 credere
682 1603 735 1642 illum
750 1616 792 1642 esse
807 1603 930 1650 clementem,
946 1604 978 1652 qui
989 1609 1028 1641 tam

174 1689 247 1728 paucos
261 1678 329 1725 salvat,
344 1684 384 1715 tam
398 1677 469 1716 multos
484 1676 569 1725 damnat,
584 1677 665 1717 credere
676 1679 757 1728 justum,
771 1680 804 1728 qui
818 1691 853 1717 sua
866 1678 967 1717 voluntate
987 1689 1028 1716 nos

174 1753 314 1792 necessario
328 1751 478 1791 damnabiles
492 1751 586 1792 lacinii·

227 1837 338 1889 «Quidquid
354 1836 375 1876 fit
389 1851 401 1876 a
415 1838 476 1886 nobis,
490 1851 530 1877 non
543 1838 604 1878 libero
617 1839 694 1878 arbitrio
708 1840 744 1879 sed
759 1853 812 1879 mera
826 1841 942 1880 necessitate
951 1838 1003 1879 fit.»7

225 1923 256 1963 De
277 1925 313 1975 piis
334 1923 410 1963 dicitur:
435 1924 474 1964 «ira
494 1931 560 1965 manet
581 1928 622 1976 pios
644 1939 731 1977 regnum,
754 1928 828 1965 etiamsi
848 1926 867 1964 id
889 1927 925 1976 ipsi
946 1937 1028 1976 neque

173 2005 293 2051 quaerant
315 2011 351 2038 nec
367 2002 459 2050 cogitent,
481 2005 502 2038 ut
520 2000 573 2052 quod
592 2002 626 2039 illis
641 2014 652 2039 a
666 2001 722 2040 Patre
740 2014 775 2040 suo
795 2008 884 2052 paratum
898 1998 960 2040 est.»8
989 1998 1029 2038 ulta

172 2074 232 2120 vides,
248 2087 307 2125 quarn
322 2073 376 2112 dives
391 2076 415 2113 sit
429 2075 488 2115 homo
498 2075 616 2115 Christianus
628 2078 669 2116 sive
683 2077 797 2127 baptisatus,
812 2079 846 2128 qni
860 2079 929 2116 etiam
943 2075 1027 2114 volens

172 2163 211 2189 non
227 2155 295 2199 potest
312 2149 395 2199 perdere
414 2151 496 2191 salutern
513 2164 575 2199 suam,
594 2154 749 2204 quantiscunque
767 2154 859 2203 peccatis,
877 2153 911 2190 nisi
925 2150 973 2190 nolit
987 2163 1027 2189 cre-

172 2223 252 2264 dere.»9

224 2309 255 2349 De
268 2312 332 2360 impiis
347 2323 358 2350 e
372 2314 477 2351 contrario:
499 2312 557 2361 Quod
577 2312 653 2362 iaciunt,
671 2314 689 2353 id
707 2314 729 2353 lit
747 2320 851 2354 «movente
864 2316 907 2365 ipso
921 2312 973 2360 Deo,
988 2324 1027 2351 non

170 2387 224 2425 aliter
239 2399 298 2437 quarn
313 2388 328 2424 si
342 2386 397 2425 faber
410 2390 472 2426 securi
485 2396 558 2428 serrata
573 2396 592 2428 et
606 2389 685 2429 dentata
698 2391 750 2429 male
763 2396 844 2430 secaret.
865 2389 915 2429 Hinc
929 2388 957 2434 fit,
972 2387 1026 2439 quod

170 2463 240 2512 impius
254 2474 301 2500 non
322 2463 402 2511 possit
423 2475 470 2501 non
491 2476 589 2515 semper
609 2478 690 2504 errare
709 2473 733 2505 et
751 2478 862 2516 peccare,
885 2465 937 2516 qnod
950 2470 1026 2523 raptu

170 2536 266 2576 diuinae
285 2539 411 2587 potentiae
431 2545 509 2577 motus
527 2542 582 2579 otiari
596 2554 634 2580 non
648 2543 746 2589 sinitur,
766 2542 799 2581 sed
815 2542 867 2590 velit,
883 2524 954 2592 cupiat]
969 2540 1027 2580 iaciat

169 2612 237 2659 taliter,
253 2611 314 2663 qualis
329 2614 371 2662 ipse
386 2620 435 2653 est».
465 2613 623 2665 «Omnipotentia
637 2616 675 2656 Dei
689 2616 740 2665 lacit,
755 2623 775 2656 ut
792 2619 862 2667 impius
884 2630 930 2656 non
951 2617 1026 2667 possit

190 2771 194 2792 ¹
210 2771 240 2802 cfr.
258 2772 278 2802 ad
295 2773 377 2811 sequentia
396 2775 483 2813 pleniorem
503 2777 622 2815 explicationem
640 2778 656 2808 in
673 2788 720 2817 opere
740 2779 815 2809 auctoris:
838 2778 881 2809 Den
900 2779 1025 2817 christelige

210 2825 323 2863 Dogmatilr,
346 2827 440 2859 Christiania
453 2828 497 2867 1889,
522 2830 568 2860 Tom.
579 2831 586 2860 Ι
597 2841 612 2870 p.
624 2830 654 2870 278
666 2841 700 2870 sqq.

139 2894 141 2901 ν
188 2877 195 2900 2
209 2879 228 2908 Dr
240 2878 324 2910 Martini
336 2880 424 2913 Lutheri
436 2891 474 2921 opp.
486 2882 534 2913 latina
545 2883 643 2914 Francoinrt.
657 2885 696 2925 1873
708 2895 724 2925 p.
738 2894 766 2924 133
778 2895 801 2926 sq.

188 2931 195 2953 ³
210 2932 248 2964 lbid.
262 2933 297 2972 136.

188 2983 195 3006 4
211 2985 249 3017 lbid.
263 2987 296 3026 158.

187 3037 248 3068 5lbid.
262 3049 296 3072 222.

188 3091 296 3133 6lbid115q.

188 3143 248 3176 libid.
262 3153 295 3186 155.

187 3197 248 3230 ⁸lbid.
259 3208 295 3240 234·

187 3252 194 3276 ⁹
208 3253 250 3293 Opp.
262 3255 288 3287 lat.
299 3255 333 3295 Jen.
345 3255 362 3295 ll,
374 3265 410 3299 271.
