2178 3556
64 208 118 262 1898.
133 205 171 248 Νο,
187 218 204 246 2.
252 218 281 249 on
292 219 374 250 enarra
386 217 470 250 cnnrsn
480 217 509 249 nr
520 217 549 248 on
559 215 636 248 arnano
648 216 753 250 anniano,
890 216 915 258 47

113 334 157 375 Tali
170 333 231 374 modo
245 346 256 373 a
268 334 325 385 culpa
339 334 438 374 absolutus
452 340 546 384 peccator
559 341 703 386 consequenter
717 346 782 373 coram
796 333 840 373 Deo
852 334 915 382 justus

61 410 199 452 declaratur.
222 408 249 448 Et
263 410 308 449 hoc:
321 409 395 458 justum
405 408 498 448 declarari
512 420 577 448 coram
591 408 635 447 Deo
650 421 687 459 per
700 409 832 447 remissionem
847 420 916 458 peeca-

61 493 130 533 torum,
151 485 257 524 existimari
277 489 350 535 potest,
372 490 411 522 tam
432 482 539 522 secundum
561 484 667 533 praemissa
689 482 798 532 dogmatica
819 496 879 533 penes
894 482 914 525 S.

60 561 164 606 Thomam‚
175 572 235 610 quam
244 558 351 599 secundum
362 558 471 598 testimonia
480 559 608 597 recentiorum
621 556 757 608 theologorum
766 557 916 597 catholicorum1

61 648 115 688 pars
133 633 279 685 justificationis,
294 633 355 673 Sacra
369 633 469 685 Scriptura
485 634 624 673 consentiente.

112 708 153 750 Sed
168 709 220 748 nullo
235 708 294 749 modo
311 710 394 758 «justum
408 708 546 748 declarare»
565 706 695 759 separandum
706 713 736 746 est
745 707 769 746 ab
780 719 804 746 eo
818 706 871 759 quod
886 715 916 747 est

62 786 144 835 «justum
165 784 289 824 redderer.
323 783 429 824 Hominem
449 796 485 834 per
506 782 567 823 solam
588 781 686 821 sorensem
707 780 856 821 declarationem
878 782 915 823 Dei

57 858 178 910 justificantis
192 861 273 910 impium
287 866 308 898 ut
320 860 393 909 justum
408 858 559 899 considerari
574 870 632 909 posse
647 859 688 897 sine
702 870 739 908 per
753 856 837 897 eundem
851 863 916 897 actum

57 933 195 985 justificantem
209 936 259 973 intus
272 935 344 984 justum
359 933 431 973 reddi
444 934 476 972 vel
486 946 507 972 re
517 946 564 973 vera
579 932 588 971 l
590 934 642 980 ieri,
657 931 676 971 ld
688 934 754 984 utique
768 933 916 983 impossibile

60 1016 95 1057 est,
110 1015 132 1048 ut
145 1022 172 1049 ex
186 1010 312 1061 sequentibus
326 1009 407 1060 patebit.

113 1095 130 1123 2.
157 1083 270 1132 justificatio
289 1090 309 1123 ut
329 1084 428 1123 habitus
449 1083 577 1123 considerata.
604 1082 677 1122 Latiori
694 1084 744 1122 enim
758 1095 817 1122 sensu
831 1083 916 1134 loquitur

60 1159 80 1199 S.
94 1158 182 1198 Thomas
203 1159 228 1198 de
247 1158 383 1208 justificatione
404 1159 478 1198 dicens:
505 1157 606 1198 «Remotio
628 1158 730 1207 cujuslibet
752 1160 827 1209 peccati
848 1157 917 1197 dicitur

57 1233 201 1284 justificatiofl
230 1233 288 1273 «Per
308 1236 440 1273 remissionem
462 1234 547 1283 peccati»
570 1233 592 1272 fit
614 1235 765 1279 «transmutatio,
787 1246 826 1284 qua
847 1233 915 1284 aliquis

60 1314 197 1348 transmutatur
210 1322 221 1348 a
236 1315 300 1348 statu
314 1310 417 1359 injustitiae
432 1308 456 1348 ad
470 1314 562 1347 statum
574 1309 679 1358 justitiae»,
690 1307 811 1360 quodetiam
824 1315 916 1348 «vocatur

57 1383 167 1434 justificatio
181 1384 269 1435 impii».3

111 1458 194 1498 Dilectio
209 1458 279 1507 divina,
295 1472 331 1510 per
344 1472 404 1511 quam
414 1460 501 1498 remissio
511 1465 636 1509 peccatorum
648 1459 741 1506 tribuitur,
754 1459 814 1499 habet
831 1458 915 1499 «ellec-

59 1540 118 1573 tumn
135 1535 189 1573 nobis
204 1534 348 1582 inhabitantem,
364 1540 384 1573 et
398 1535 430 1574 hic
442 1533 523 1575 effectus
540 1540 581 1574 lest
595 1536 662 1585 gratia,
678 1548 716 1586 qua
730 1534 789 1574 homo
806 1534 828 1574 fit
845 1534 914 1585 dIgnus

58 1611 97 1648 uita
112 1609 224 1649 aeternari
251 1609 372 1657 Habetur‚
394 1609 539 1660 possidetur
555 1608 672 1660 justificatio,
694 1622 732 1648 non
753 1610 816 1649 solum
838 1612 914 1659 impu-

59 1691 130 1726 tatur.
160 1684 215 1724 «Non
232 1691 298 1735 posset
312 1685 391 1735 intelligi
406 1686 491 1724 remissio
506 1685 587 1735 culpae»
600 1708 627 1713 υ
641 1686 682 1724 sire
694 1684 805 1735 justificatio
816 1687 914 1724 —sinon

58 1759 136 1798 adesset
149 1758 240 1798 inlusio
255 1761 328 1811 gratiae
342 1759 374 1811 (de
384 1772 423 1810 qua
437 1758 511 1812 intrata
534 1760 592 1799 «Post
601 1767 705 1810 peccatum
715 1773 754 1799 non
764 1767 831 1811 potest
840 1760 914 1813 (homo)

58 1846 101 1873 esse
115 1836 155 1873 sine
169 1835 233 1885 culpa,
248 1837 283 1873 nisi
296 1837 377 1885 gratiam
391 1834 511 1874 habeat.»fi

110 1908 155 1948 Non
169 1908 240 1948 sulficit
257 1909 357 1949 actualiter
374 1912 446 1960 gratiae
464 1911 566 1960 imputatio
580 1912 614 1949 nisi
629 1912 727 1960 peccatori
741 1913 823 1962 gratiam
838 1911 913 1950 habitu-

57 1983 107 2022 alem
122 1996 142 2023 re
156 1997 203 2023 vera
217 1985 261 2036 iper
274 1984 396 2036 inlusionem)
410 1987 459 2023 intus
477 1985 582 2024 habenti.

110 2058 179 2098 Fides
200 2058 259 2111 (quae
278 2059 435 2109 justificationem
456 2067 476 2098 et
497 2060 597 2110 praecedit
618 2067 639 2099 et
659 2062 746 2112 sequitur
767 2062 806 2102 scil.
825 2070 846 2100 ut
863 2061 912 2101 hdes

54 2133 171 2183 justificandi
185 2141 205 2174 et
219 2134 268 2173 fides
279 2135 385 2187 justificati]
399 2141 429 2174 est
442 2135 484 2174 talis
502 2136 611 2174 «habitus
631 2138 706 2183 mentis,
721 2150 761 2187 quo
779 2137 913 2176 inchoatur

56 2210 109 2246 vita
130 2216 230 2248 aeterna
249 2211 271 2248 in
288 2209 392 2249 nobis».l

111 2284 212 2336 «illeliqua
226 2285 352 2324 conclusionis
366 2298 412 2336 pars
425 2287 557 2338 consequitur)
569 2288 668 2335 justitiam,
680 2300 717 2338 qua
728 2286 833 2327 formaliter
842 2289 912 2337 impius

57 2361 167 2398 remissione
178 2366 304 2409 peccatorum
311 2360 431 2409 justificatur,
442 2373 485 2400 esse
494 2374 541 2400 nere
552 2367 571 2400 et
581 2362 658 2400 realiter
668 2363 721 2401 nobis
736 2363 911 2411 inhaerentem,

56 2435 116 2473 veluti
137 2434 218 2473 lormam
238 2435 352 2483 absolutam,
375 2447 419 2474 cum
438 2438 541 2475 intrinseca
562 2436 674 2475 habitudine
692 2436 716 2476 ad
732 2438 826 2486 justitiam
840 2437 877 2476 Dei
892 2446 912 2477 et

56 2509 127 2549 Christi
141 2510 228 2557 Domini;
251 2523 342 2561 quaeque
356 2510 390 2549 dat
410 2523 462 2550 esse
479 2512 570 2560 justum.»
601 2511 712 2550 uAsseritur
724 2513 797 2561 justitia
810 2513 911 2552 inhaerens

56 2586 119 2632 nobis;
141 2586 186 2636 quia
203 2587 218 2624 si
235 2587 296 2624 inerat
314 2586 377 2636 culpa,
392 2586 453 2624 multo
468 2588 528 2637 magis
543 2586 603 2625 debet
617 2587 747 2626 inhaerere
759 2589 869 2637 justitia,-
891 2595 912 2627 ut

55 2660 162 2699 secundum
176 2663 278 2700 veritatem
293 2660 367 2700 dicatur
381 2660 541 2712 superabundare
553 2663 630 2711 justitia,
647 2662 679 2700 ubi
692 2663 798 2702 abundavit
812 2662 911 2703 delictum.

56 2734 137 2786 Insuper
150 2736 198 2775 haec
212 2737 330 2775 inhaerentia
344 2743 364 2776 et
378 2737 467 2775 intimitas
482 2737 590 2775 necessaria
604 2743 640 2784 est,
655 2744 676 2774 ut
689 2738 738 2776 uita
753 2739 838 2787 justitiae
852 2738 911 2777 habe-

80 2844 84 2862 ¹
99 2844 130 2877 cfr.
142 2844 227 2882 oswald,
239 2843 290 2874 Lehre
301 2853 315 2876 r,
328 2845 342 2876 d.
354 2843 444 2883 Heiligung.
468 2843 558 2874 Paderborn
570 2855 585 2876 u.
596 2844 670 2875 hliinster
683 2845 720 2884 1385
734 2855 749 2883 p.
760 2854 786 2885 43.
798 2852 817 2884 53
830 2849 858 2877 etc.

130 2898 203 2928 Satolli
219 2899 229 2930 l.
246 2907 258 2931 c.
274 2908 289 2937 p,
301 2906 338 2936 213:
354 2897 448 2937 justificatio
467 2901 528 2937 «potest
544 2897 631 2937 significare
648 2898 726 2928 actionem
744 2898 773 2929 Dei
790 2899 861 2929 facientis
877 2900 911 2930 vel

98 2951 229 2984 decernentis
244 2961 273 2983 nos
284 2952 351 2991 justos».
