2178 3556
460 1124 583 1173 1.,.

188 1247 232 1297 De
248 1259 307 1310 qua
322 1242 512 1308 potissimum
529 1251 563 1288 re
579 1236 751 1301 quaeratur.

91 1441 206 1492 Peruulgata
220 1446 250 1479 est
270 1437 322 1489 apud
345 1449 380 1476 nos
402 1435 466 1487 opinio
486 1435 549 1484 ipsam
567 1430 677 1471 Ecclesiam
695 1429 823 1469 Christianam
838 1425 896 1466 medii

39 1518 82 1555 aevi
91 1522 111 1554 et
120 1515 186 1554 itidem
200 1513 308 1553 Ecclesiam
322 1511 432 1551 Romanam
447 1509 571 1560 sequentium
585 1505 708 1567 saeculorum
723 1503 819 1543 erroribus
834 1501 896 1541 Semi-

40 1590 146 1641 pelagianis
160 1589 289 1628 succubuisse.
317 1586 382 1636 Quam
397 1586 508 1636 opinionem
523 1583 602 1621 omnino
616 1579 686 1620 falsam
701 1592 743 1618 esse
762 1577 897 1617 demonstrant

40 1677 78 1703 non
92 1663 155 1703 solum
169 1664 232 1702 omnia
247 1663 362 1708 testimonia,
377 1660 448 1712 quibus
462 1657 550 1697 Ecclesia
564 1658 607 1707 ipsa
621 1654 731 1695 doctrinam
745 1666 800 1693 suam
818 1651 897 1703 publice

41 1739 146 1788 explicavit
160 1744 179 1776 et
192 1738 319 1787 interpretata
333 1741 368 1781 est,
384 1734 487 1774 sedetiam
500 1731 560 1771 modo
575 1730 677 1770 manifesto
693 1729 786 1776 doctrina
802 1726 897 1779 quamde

41 1814 101 1863 gratia
121 1811 203 1862 professi
218 1823 241 1850 ac
262 1812 304 1848 tuiti
317 1816 361 1849 sunt
374 1809 457 1848 illustres
478 1807 504 1845 illi
525 1812 585 1845 testes
606 1806 639 1855 qni
659 1804 769 1844 «Doctores
783 1801 895 1842 Ecclesiae»

42 1891 140 1934 vocantur,
157 1898 221 1936 neque
236 1886 298 1923 miuus
312 1883 369 1923 hodie
384 1895 444 1936 quam
458 1883 503 1921 olim
516 1893 624 1932 permagna
638 1881 658 1918 in
674 1877 763 1918 Ecclesia
783 1878 898 1917 auctoritate

41 1959 115 1998 florent.
143 1958 265 1998 Manifestum
287 1960 337 1997 enim
359 1964 394 2005 est,
416 1959 559 1996 accusationem
580 1954 631 1993 illam
653 1960 674 1994 et
692 1967 736 1993 earn
754 1954 898 1998 auctoritatem,

42 2047 92 2084 quae
106 2033 140 2072 illis
155 2033 235 2072 testibus
250 2045 287 2083 per
300 2032 377 2072 saecula
391 2032 464 2070 tributa
482 2036 513 2070 est
527 2042 549 2069 ac
563 2030 680 2069 unanimiter
697 2028 791 2076 tribuitur,
810 2030 861 2067 inter
878 2039 898 2066 se

42 2107 137 2147 conciliari
150 2120 189 2146 non
203 2120 268 2157 posse.

93 2180 152 2220 Valet
161 2182 210 2220 haec
217 2183 359 2232 argumentatio
366 2181 472 2230 praecipue
481 2179 506 2220 de
514 2179 601 2219 doctrina
609 2178 730 2218 illustrissimi
737 2178 785 2217 illius
793 2179 854 2225 testis,
865 2177 899 2228 qui

42 2255 158 2306 plerumque
170 2254 391 2306 Doctorangelicus
402 2261 529 2305 nuncupatur,
544 2254 628 2294 Sancti
642 2253 749 2293 Thomae
762 2252 899 2305 Aquinatis,

43 2334 62 2367 et
72 2328 96 2368 de
106 2342 212 2379 permagna
221 2330 253 2368 illa
263 2332 382 2377 auctoritate,
395 2342 454 2381 quam
466 2342 528 2380 opera
538 2330 579 2378 ejus
590 2341 626 2380 per
635 2330 701 2368 omnia
710 2328 788 2368 saecula
797 2329 900 2379 sequentia

42 2416 104 2454 usque
119 2403 143 2441 ad
158 2403 210 2442 diem
223 2403 338 2443 hodiernum
360 2404 469 2443 habuerunt
484 2403 597 2443 ethabent'.
625 2403 692 2452 Quum
715 2409 782 2443 autem
803 2402 899 2442 mirabiles

43 2479 142 2528 opiniones
156 2477 279 2527 supradictae
294 2477 346 2528 apud
362 2491 397 2517 nos
411 2491 451 2518 non
468 2480 506 2517 sint
520 2479 607 2517 insolitae
621 2477 762 2530 (praecedente
784 2477 899 2525 Lnthero,

44 2554 76 2603 qui
96 2551 190 2591 Sanctum
212 2552 328 2592 Thomam
354 2552 405 2592 «den
424 2552 491 2592 Brunn
511 2553 551 2591 und
573 2552 708 2604 Gruudsuppe
734 2553 781 2592 aller
801 2552 900 2600 Ketzerei,

43 2625 138 2665 lrrthumb
162 2626 199 2665 und
216 2626 330 2678 Vertilgnng
345 2626 380 2666 des
394 2627 496 2678 Evangelii
509 2651 535 2656 —
549 2630 588 2667 wie
603 2629 655 2667 seine
670 2627 748 2667 Biicher
762 2626 901 2668 belveiseniu1

43 2700 174 2754 calumniatur)
190 2708 324 2752 opportunum
338 2701 435 2750 duximus,
450 2702 495 2742 licet
513 2715 549 2752 per
565 2715 587 2741 se
601 2704 680 2742 minime
695 2704 824 2742 necessarium
842 2709 900 2751 esset,

44 2773 149 2814 doctrinam
164 2776 188 2814 de
203 2778 264 2826 gratia
277 2775 347 2815 Christi
361 2782 381 2816 et
396 2777 495 2816 delibero
510 2777 588 2816 arbitrio
602 2777 711 2816 secundum
725 2778 778 2817 illum
792 2777 901 2817 Doctorem

38 2848 153 2900 angelicum
166 2852 232 2901 paucis
246 2851 311 2890 verbis
328 2864 437 2902 exponere,
456 2853 567 2902 praemissis
586 2852 703 2903 quibusdam
721 2852 804 2892 decretis
822 2853 901 2892 ecclesi-

44 2924 105 2962 asticis
120 2923 146 2963 de
160 2927 273 2965 auctoritate
290 2925 409 2966 “Doctorum
423 2925 534 2966 Ecclesiae»
551 2928 657 2977 praecipue
673 2926 698 2966 de
709 2929 824 2967 auctoritate
835 2927 902 2967 Sancti

44 2995 95 3036 Tho
101 3010 121 3035 m
125 3011 136 3036 a
140 3011 157 3038 e.

97 3070 200 3120 Quaeritur
214 3087 267 3126 ergo,
287 3081 351 3115 utrum
366 3075 435 3115 doctor
450 3076 481 3116 ille
499 3077 610 3128 praeclarus
628 3077 786 3130 semipelagianis
805 3077 901 3117 erroribus

44 3144 86 3194 ipse
100 3144 181 3187 sortasse
195 3150 279 3189 irretitus
293 3148 355 3199 fuerit,
372 3151 405 3190 vel
419 3157 484 3190 utrum
498 3151 568 3191 saltem
582 3152 630 3192 tales
645 3165 721 3193 errores
736 3155 777 3192 sive
792 3164 837 3192 cum
856 3152 901 3191 doc-

47 3219 172 3228 -Ἇ

65 3249 73 3272 1
90 3251 151 3289 Werlre,
163 3254 240 3293 Erlangen
252 3265 315 3297 24³²40·
