2178 3556
455 242 475 275 K.
487 241 681 274 KROGH-ToNNlNG.

198 369 215 397 2.
244 358 316 400 Utrum
327 359 404 411 gratia
417 360 446 400 sit
457 361 550 412 qualitas
562 358 651 400 animae.

200 444 277 485 uHomo
295 446 399 497 adjuvatur
417 460 443 487 ex
461 449 543 499 gratuita
557 446 595 487 Dei
613 447 714 487 voluntate
732 446 839 486 secundum
853 445 906 497 quod
921 444 1000 497 aliquod

144 519 271 561 habituale
290 521 377 561 donum
394 536 405 561 a
419 522 463 562 Deo
477 525 553 562 animae
567 521 676 562 infunditur.
692 548 717 553 -
732 521 829 561 Creaturis
844 520 960 560 naturalibus
973 522 1001 560 sic

144 594 237 644 providet
251 604 271 635 ut
285 609 324 636 non
338 598 401 636 solum
415 605 494 637 moueat
508 612 541 638 eas
555 597 579 637 ad
594 605 647 637 actus
663 597 765 643 naturales,
782 595 816 635 sed
836 598 893 635 etiam
911 595 1001 646 largiatur

144 671 172 708 eis
191 669 263 711 formas
281 678 301 711 et
314 674 395 711 uirtutes
410 672 511 724 quasdam,
527 685 578 723 quae
592 679 636 711 sunt
652 673 745 722 principia
759 677 843 717 actuum,
859 677 879 708 ut
893 668 1000 709 secundum

144 745 220 796 seipsas
238 746 353 786 inclinentur
371 746 394 785 ad
412 747 522 796 hujusmodi
545 752 614 785 motus¹
630 769 654 774 —
669 745 731 785 utulto
750 746 806 793 igitur
824 746 885 796 magis
902 745 936 783 illis
951 757 1000 798 quos

144 826 213 860 movet
232 821 255 860 ad
274 821 434 873 consequendum
453 822 525 860 bonum
544 820 691 871 supernaturale
710 827 816 867 aeternum,
831 819 913 859 infundit
926 820 1000 871 aliquas

145 893 224 945 formas,
236 910 271 936 seu
288 898 390 948 qualitates
408 897 571 947 supernaturales
590 896 697 936 secundum
713 909 761 948 quas
775 897 860 935 suaviter
874 902 894 934 et
908 903 1001 946 prompte

145 970 170 1009 ab
184 972 228 1021 ipso
243 978 358 1011 moueantur
372 971 396 1010 ad
411 973 483 1011 bonum
498 978 599 1011 aeternum
615 970 783 1022 consequendum.
809 969 840 1009 Et
860 973 894 1010 sic
913 969 1001 1010 donum
1062 1013 1065 1019 A

146 1047 239 1095 gratiae
258 1046 366 1098 qualitas
385 1046 504 1097 quaedam
521 1046 589 1087 estul

200 1197 217 1236 3.
246 1184 318 1224 Utrum
329 1184 405 1236 gratia
418 1185 446 1224 sit
459 1185 513 1224 idem
528 1186 584 1236 quod
595 1184 681 1225 vt't‘tus.2

202 1269 234 1309 «Si
251 1272 311 1321 gratia
329 1278 359 1310 est
377 1272 442 1318 uirtus,
461 1273 547 1310 maxime
561 1271 639 1312 uidetur
653 1272 707 1323 quod
722 1274 745 1311 sit
760 1272 824 1324 aliqua
838 1274 895 1311 trium
908 1271 1001 1322 theologi-

145 1356 211 1383 carum
225 1347 323 1386 uirtutum.
351 1345 392 1385 Sed
407 1348 467 1397 gratia
481 1359 520 1385 non
535 1352 565 1385 est
579 1346 628 1386 fides
642 1347 674 1386 vel
688 1360 742 1398 spes,
757 1348 802 1398 quia
816 1348 853 1386 hae
867 1353 948 1397 possunt
959 1359 1002 1387 esse

145 1421 186 1459 sine
201 1422 262 1471 gratia
276 1427 352 1471 gratum
368 1421 472 1468 faciente;3
486 1434 551 1473 neque
567 1423 624 1461 etiam
635 1424 711 1469 caritas,
727 1424 772 1474 quia
786 1424 864 1473 gratia
878 1424 1003 1472 praevenit

145 1496 283 1543 caritatem,
299 1503 319 1535 ut
333 1496 453 1548 Augustinus
467 1495 518 1536 dicit.
546 1495 600 1547 Ergo
614 1499 695 1549 gratia
713 1504 811 1537 nonest
827 1496 938 1536 virtusne

198 1643 216 1682 4,
246 1633 318 1674 Utrum
336 1635 411 1686 gratia
431 1636 459 1674 sit
475 1636 497 1674 in
515 1637 601 1675 essentia
620 1637 704 1676 animae
721 1637 772 1676 sicut
789 1638 810 1675 in
828 1637 919 1688 subjecto,
938 1649 965 1675 att
980 1637 1002 1676 in

145 1708 219 1760 aliqua
228 1710 374 1761 potentiarum.

200 1794 249 1835 «Per
268 1798 349 1846 gratiam
371 1810 509 1848 regeneramur
529 1801 547 1837 in
568 1797 617 1837 filios
637 1797 680 1836 Dei.
709 1796 750 1836 Sed
771 1799 871 1848 generatio
892 1810 928 1848 per
948 1798 1001 1847 prius

145 1872 258 1910 terminatur
279 1870 302 1909 ad
324 1874 453 1911 essentiam
474 1886 534 1924 quarn
557 1872 582 1912 ad
607 1874 742 1923 potentias.
777 1870 831 1923 Ergo
856 1874 933 1922 gratia
958 1884 1002 1921 per

144 1947 210 1996 prius
225 1952 262 1985 est
276 1947 298 1985 in
313 1948 419 1986 essentia
438 1949 532 1987 animae
550 1960 619 1999 qnam
632 1950 655 1986 in
670 1948 809 1998 potentiis.»

199 2031 249 2071 «lsta
262 2036 351 2083 quaestio
362 2033 464 2084 dependet
475 2047 502 2073 ex
516 2033 648 2085 praecedenti.
672 2032 694 2072 Si
708 2035 758 2072 enirn
773 2034 834 2083 gratia
848 2034 872 2071 sit
885 2032 936 2071 idem
948 2032 1002 2083 quod

143 2108 210 2155 uirtus,
224 2119 305 2147 necesse
319 2114 349 2148 est
364 2109 418 2159 quod
432 2110 456 2147 sit
469 2111 488 2147 in
509 2111 626 2160 potentia
640 2109 716 2147 animae
732 2109 782 2146 sicut
795 2109 814 2146 in
828 2108 922 2156 subjecto.
950 2106 1001 2146 Nam

143 2183 233 2232 potentia
246 2184 321 2223 animae
336 2189 366 2222 est
380 2186 481 2234 proprium
495 2185 605 2233 subjectum
619 2183 711 2223 virtutis.»

200 2266 233 2307 «Si
253 2274 319 2307 autem
339 2271 401 2320 gratia
421 2268 485 2308 differt
504 2283 515 2308 a
535 2271 612 2317 uirtute,
634 2282 673 2307 non
693 2274 761 2319 potest
782 2268 819 2308 dici
840 2268 893 2319 quod
913 2270 1003 2318 potentia

144 2345 219 2382 animae
234 2345 258 2381 sit
271 2345 344 2394 gratiae
359 2344 474 2393 subjectum⁷
490 2346 536 2395 quia
552 2346 613 2383 omnis
627 2342 724 2394 perfectio
740 2345 839 2393 potentiae
853 2344 928 2382 animae
942 2343 1003 2382 habet

143 2420 238 2457 rationem
253 2420 333 2459 uirtutis.
362 2418 420 2458 Unde
434 2419 549 2470 relinquitur
563 2419 617 2470 quod
632 2420 699 2470 gratia,
714 2420 763 2458 sicut
777 2425 807 2457 est
821 2420 873 2469 prius
884 2420 961 2465 virtute⁷
976 2419 1003 2457 ita

143 2494 215 2532 habeat
233 2494 342 2543 subjectum
360 2495 411 2545 prius
428 2495 521 2545 potentiis
538 2496 619 2542 animae,
638 2496 663 2532 ita
681 2494 755 2534 scilicet
773 2493 826 2544 quod
845 2494 869 2532 sit
885 2495 904 2532 in
918 2495 1002 2532 essentia

143 2570 236 2610 animae.»

199 2653 264 2694 «Sient
281 2655 305 2693 ab
323 2657 406 2694 essentia
425 2657 499 2694 animae
517 2654 598 2695 effluunt
616 2668 657 2704 ejus
675 2656 777 2705 potentiae
796 2666 847 2705 quae
861 2658 905 2691 sunt
919 2666 1002 2703 operum

143 2731 243 2780 principia,
257 2731 283 2768 ita
298 2732 356 2769 etiam
371 2730 394 2768 ab
408 2732 450 2780 ipsa
463 2733 526 2781 gratia
544 2729 653 2769 effluunt
670 2730 752 2768 virtutes
768 2730 792 2767 in
808 2728 905 2779 potentias
919 2729 1001 2777 animae,

143 2816 179 2855 per
194 2817 243 2855 quas
257 2807 358 2855 potentiae
372 2810 475 2844 moventur
489 2804 514 2844 ad
529 2811 588 2844 actus.
617 2803 643 2843 Et
657 2803 766 2843 secundum
784 2803 822 2843 hoc
842 2804 918 2853 gratia
938 2814 1002 2841 com-

143 2885 244 2930 paratur
257 2879 286 2918 ad
300 2879 463 2927 voluntatem,
479 2884 502 2918 ut
516 2891 618 2918 movens
633 2878 662 2918 ad
676 2876 797 2918 morumne

164 3028 171 3051 1
186 3029 226 3062 Ihid.
238 3030 272 3062 Art.
284 3030 302 3063 ll.

163 3081 170 3104 2
184 3082 238 3113 Virtus
249 3083 280 3114 hoe
291 3084 326 3114 loeo
338 3084 380 3114 idem
392 3084 435 3122 quod
448 3085 519 3120 «stertui,
533 3083 625 3121 «Tugend»,
639 3082 695 3121 «Dyd»
708 3080 797 3121 significare
811 3081 881 3113 videtur:
900 3082 951 3112 ubona
963 3092 1001 3123 qua-

186 3136 221 3166 litas
233 3137 293 3173 mentis,
305 3146 336 3176 qua
346 3137 395 3167 homo
406 3136 447 3167 bene
458 3136 512 3167 vivit.»

163 3187 171 3211 ³
185 3189 212 3219 Sic
223 3189 271 3220 »fides
283 3189 370 3222 informis».

163 3239 171 3263 ¹³
185 3241 226 3275 Ibid.
237 3243 272 3275 Art,
283 3242 308 3273 III.

163 3295 170 3318 5
185 3295 226 3329 lbid.
237 3296 272 3327 Art.
283 3296 310 3328 iu.
