2178 3556
482 205 503 239 K.
514 205 706 240 KROGH-TONNING.

218 322 287 362 Altera
303 335 329 363 ex
342 330 408 373 parte:
426 323 490 364 illotus
505 324 537 364 ille
551 324 597 365 licet
610 326 732 365 necessarius
745 338 784 365 non
802 332 869 366 tamen
886 325 907 365 fit
928 331 1022 365 coactu.

165 397 248 438 bloiet
269 412 317 451 ergo
337 398 400 449 gratia
421 400 506 450 mystico
525 399 585 439 modo
601 400 724 440 voluntatem
742 401 846 441 humanam
865 400 888 440 ad
903 401 976 440 bonum
991 399 1021 439 vel

164 474 252 522 primum
267 474 291 513 ad
307 474 389 525 gratiam
403 474 554 525 suscipiendam,
570 483 589 514 et
604 474 685 526 quidem
699 475 834 523 inlallibiliter;
848 474 884 515 sed
895 488 934 514 non
949 475 1021 526 cogit,

164 548 233 600 itaque
247 562 286 588 non
300 549 382 589 liberum
397 550 497 589 arbitrium
512 550 598 589 tollendo
613 556 685 590 mouet.

218 622 375 663 Contradictoria
385 626 444 675 juxta
457 637 479 663 se
492 625 557 674 posita
572 624 603 663 hic
612 624 709 664 uidentur.
731 623 800 663 Nodus
810 625 898 672 nectitur,
909 623 945 663 sed
956 622 1021 674 quoad

163 697 246 738 modurn
267 699 318 739 hunc
338 699 411 738 nodum
433 698 552 738 dissolvendi
572 699 613 737 sine
637 698 687 739 duce
714 711 820 738 manemus.
855 698 951 737 Restabat
974 711 1021 749 ergo

164 773 253 824 amplum
267 774 351 824 spatium
366 773 493 825 sequentibus
508 773 589 812 saeculis
603 773 675 813 lumine
689 772 822 813 meditationis
836 772 986 824 penetrandum.

217 847 263 887 Non
277 861 327 887 uana
341 854 406 887 autem
421 854 441 887 et
454 848 523 887 inutilis
538 847 573 886 fuit
586 847 678 899 Angelici
693 848 783 888 tractatio
797 848 854 897 hujus
868 850 961 888 materiae
971 846 1021 887 disfi-

164 923 247 962 cillimae
262 930 282 962 et
296 923 397 973 mysticae.
426 921 458 962 Ex
471 923 577 962 contrario:
605 921 674 962 Honor
689 924 730 973 ejus
745 929 775 961 est
784 922 856 962 limites
866 923 897 962 hic
906 922 1020 975 designasse

163 997 286 1037 meditationi
301 1003 383 1037 nostrae.
411 996 441 1037 St.
455 996 546 1036 Thomae
560 997 670 1037 constabat:
698 997 814 1038 Doctrinam
828 996 929 1038 Ecclesiae
944 998 1020 1037 altera

163 1079 277 1124 exparte
292 1072 316 1112 de
331 1073 402 1111 uirtute
424 1073 498 1124 gratiae
520 1072 597 1111 divinae
618 1072 755 1112 tantummodo
774 1085 785 1112 a
803 1085 824 1112 se
845 1074 888 1124 ipsa
908 1072 1019 1123 pendentis,

162 1149 242 1188 altera
256 1161 285 1188 ex
298 1154 370 1198 parte
383 1146 409 1186 de
423 1147 513 1186 libertate
526 1147 611 1187 humana
625 1160 661 1188 seu
675 1147 701 1188 de
715 1148 775 1187 libero
795 1148 874 1187 arbitrio
893 1160 1018 1200 nequaquam

162 1236 205 1262 esse
226 1221 381 1263 labefactandam
401 1222 432 1261 uel
453 1221 597 1262 infirmandam.
630 1222 672 1262 Hos
700 1223 769 1262 limites
797 1236 835 1263 non
861 1222 962 1263 excedens
983 1222 1018 1262 sed

161 1311 241 1348 semper
255 1298 366 1345 observans,
381 1296 469 1336 Ecclesia
483 1310 563 1348 semper
577 1298 658 1337 tutelam
672 1298 752 1338 habebit
771 1300 900 1339 necessariam
914 1298 975 1338 altera
991 1310 1018 1337 ex

161 1379 218 1423 parte
232 1373 325 1412 aduersus
339 1371 619 1423 Semipelagianisruum,
634 1373 696 1412 altera
711 1380 806 1423 exparte
825 1373 918 1412 aduersus
939 1373 1017 1412 deter-

161 1448 305 1486 minismunr,

212 1522 239 1562 Hi
254 1535 327 1562 errores
340 1523 433 1573 oppositi,
444 1528 527 1573 uterque
537 1534 572 1561 suo
582 1521 648 1570 modo,
659 1524 799 1562 conscientiam
812 1529 898 1562 nostram
907 1523 1015 1569 vulnerant,

160 1611 211 1649 quae
225 1598 280 1637 salva
294 1610 332 1637 non
346 1598 388 1644 erit,
404 1598 441 1638 nisi
454 1609 500 1635 curn
513 1597 611 1648 Angelico
626 1597 751 1637 confitemur:
785 1597 906 1638 Defectus
920 1598 1016 1648 gratiae

159 1673 256 1712 anobis
271 1679 306 1711 est
320 1683 401 1719 causa,
416 1671 562 1711 collationis
577 1685 637 1712 uero
652 1680 691 1712 est
705 1686 716 1712 a
728 1672 786 1713 Deo.

212 1748 277 1798 Caput
291 1748 318 1786 rei
332 1747 363 1786 hic
378 1747 478 1793 habemus
494 1748 544 1786 circa
559 1747 612 1798 quod
626 1748 734 1798 praecipue
752 1748 897 1787 controversiae
911 1755 952 1787 tarn
966 1748 1015 1787 inter

157 1823 233 1863 scholas
248 1823 367 1873 theologicas
382 1835 441 1874 quam
456 1823 507 1861 inter
520 1822 652 1861 confessiones
667 1822 786 1862 Christianas
800 1829 890 1862 versatae
905 1829 955 1862 sunt.
983 1822 1014 1862 De

156 1904 208 1937 statu
222 1899 278 1947 hujus
293 1900 437 1937 controversiae
450 1896 608 1952 dissertationem
621 1896 756 1949 scripsimus,1

209 1972 240 2012 De
263 1971 380 2012 certitudine
405 1973 533 2023 possessionis
556 1974 631 2024 gratiae
654 1979 674 2012 et
696 1973 763 2012 salutis
784 1979 875 2012 aeternae
899 1973 946 2011 nihil
963 1973 1013 2011 aliud

155 2047 176 2087 S.
190 2047 278 2087 Thomas
297 2047 361 2095 docet,
381 2060 440 2098 quarn
457 2045 552 2086 Ecclesia.
580 2047 657 2086 Dicitur
675 2049 727 2087 enirn
745 2048 806 2087 altera
824 2060 852 2087 ex
867 2050 957 2098 partein
971 2047 1013 2087 Tri-

155 2123 245 2163 dentino:
263 2121 342 2161 «Nullus
357 2122 407 2161 scire
421 2122 474 2161 ualet
488 2122 603 2161 certitudine
618 2122 671 2169 fidei,
682 2123 713 2162 cui
722 2136 761 2162 non
770 2129 838 2173 potest
847 2123 927 2162 subesse
938 2122 1011 2170 salsum,

154 2211 176 2238 se
190 2199 274 2250 gratiam
283 2197 322 2237 Dei
331 2209 375 2236 esse
385 2203 523 2235 consecutum»
531 2196 549 2244 32
563 2197 623 2236 altera
637 2211 664 2237 ex
677 2205 734 2249 parte
748 2199 768 2237 in
778 2198 902 2238 Catechismo
912 2198 1011 2237 Romano:

156 2272 321 2324 «Explanandum
342 2270 433 2311 fidelibus
453 2271 537 2319 uidetur,
560 2285 619 2323 quare
641 2272 714 2312 lactum
732 2274 761 2320 sit,
779 2280 800 2311 ut
814 2273 901 2313 Christus
915 2273 1011 2312 Dominus

154 2348 297 2400 poenitentiam
314 2348 333 2386 in
351 2359 453 2386 numerum
472 2345 643 2386 Sacramentorum
660 2346 728 2387 referri
745 2347 835 2388 uoluerit.
865 2347 928 2397 Hujus
946 2354 1011 2387 autern

153 2425 181 2463 rei
195 2424 227 2463 illa
242 2424 320 2462 omnino
335 2435 394 2461 causa
412 2420 453 2469 luit,
471 2428 492 2460 ut
510 2422 565 2461 nobis
586 2422 614 2461 de
636 2423 782 2462 remissione
804 2429 961 2473 peccatorum

152 2500 229 2538 minus
244 2498 354 2537 dubitare
372 2496 490 2536 liceret»3

205 2573 340 2624 Exceptiones
354 2571 456 2611 Romanae
474 2572 511 2612 hac
527 2573 547 2611 in
564 2585 584 2611 re
601 2579 693 2623 spectant
711 2574 782 2623 partim
801 2572 825 2612 ad
840 2573 949 2612 doctrinam
963 2585 1010 2623 apo-

151 2650 241 2689 stolicam
255 2648 281 2688 de
295 2648 356 2687 salute
367 2654 432 2687 nostra
439 2647 503 2686 adhuc
515 2649 550 2686 rin
564 2660 616 2698 spe»
629 2649 647 2698 (r
659 2648 697 2687 Ptr.
711 2661 725 2695 1,
737 2661 758 2701 3;
773 2647 810 2687 Ro.
821 2648 839 2695 8,
851 2649 888 2697 aa),
903 2648 976 2697 partim
985 2646 1009 2686 ad

151 2723 204 2763 illam
214 2722 351 2763 certitudinem
363 2735 434 2762 uanam
444 2728 464 2762 et
479 2721 552 2769 falsam,
563 2736 622 2774 quam
633 2723 719 2762 nonnulli
733 2723 932 2763 deterministico
950 2723 1009 2761 modo

151 2799 228 2840 haurire
242 2798 346 2837 voluerunt
360 2797 384 2836 de
400 2797 496 2837 electione
510 2797 549 2836 Dei
563 2804 642 2837 aeterna
656 2799 712 2836 nobis
730 2798 789 2848 plane
806 2796 893 2849 ignota4
919 2797 962 2845 lam
977 2797 1009 2836 diu

151 2879 217 2912 autern
231 2873 317 2923 theologi
330 2871 437 2912 Lutherani
452 2872 486 2911 has
500 2873 603 2922 opiniones
613 2873 691 2912 insanas
700 2873 813 2924 repudiant,
829 2878 951 2924 quapropter
961 2873 1009 2912 haec

150 2948 259 2995 diversitas,
275 2948 321 2987 olim
334 2960 365 2987 res
380 2960 456 2998 magna,
470 2948 511 2996 jam
525 2961 564 2986 non
578 2948 681 2987 retinenda
696 2947 744 2987 est.5

172 3054 178 3076 1
193 3055 220 3087 Dr.
231 3055 250 3087 K.
262 3054 445 3094 Krogh-Tonning,
456 3054 487 3085 Die
498 3055 609 3086 Gnadenlehre
621 3056 655 3086 und
666 3056 693 3086 die
704 3056 744 3085 stille
755 3055 869 3086 Reformation.

170 3107 177 3130 2
193 3109 241 3141 Cone.
254 3109 297 3140 Trid.
308 3109 349 3141 Sess.
360 3108 383 3139 Vl
394 3108 431 3142 Cau.
445 3108 469 3148 16,
482 3109 519 3148 Cap.
532 3118 546 3149 9.

170 3161 177 3184 ³
191 3163 225 3193 ear.
236 3163 282 3196 Rom,
293 3163 330 3193 Pars
341 3162 359 3192 IL
382 3162 420 3201 Cap.
431 3161 452 3201 V,
464 3172 490 3202 qu.
502 3171 517 3202 9.

169 3216 177 3239 4
192 3217 245 3249 Form.
258 3217 305 3249 Cone.
317 3217 332 3249 S.
344 3216 365 3249 D.
375 3215 404 3249 XI.

170 3269 177 3293 5
194 3270 224 3303 Cfr.
237 3270 264 3303 Dr.
275 3270 295 3304 K.
306 3269 491 3310 Krogh·T0nning‚
503 3269 593 3309 Dogmatilr,
606 3270 651 3301 Toni,
662 3269 689 3308 nt,
701 3278 710 3299 a
722 3280 736 3309 p.
749 3277 781 3308 320
792 3277 826 3308 sqq.
