2178 3556
56 207 111 263 1898.
125 207 163 251 No,
178 221 195 251 2.
243 220 272 253 on
284 222 366 254 canam
378 220 462 254 annisu
473 220 501 253 nr
513 221 541 254 oa
553 221 629 256 tiranno
641 224 746 260 nnarrmo
883 229 905 271 77

305 278 400 285 ..—-.-.

52 352 94 380 nos
115 341 138 379 in
158 340 231 379 vitam
253 339 411 380 aeternamu.1
439 340 488 381 «Per
507 342 589 393 gratiam
609 341 674 395 (enim)
694 344 788 385 inhabitat
807 345 906 386 hominem

52 414 136 467 Spiritus
151 413 239 463 Sanctus,
254 416 287 465 qui
302 420 331 454 est
344 414 441 454 sufficiens
456 427 514 455 causa
527 417 578 455 vitae
593 418 717 457 aeternae.»2

105 491 168 531 Causa
185 503 233 542 ergo
250 491 302 529 vitae
320 496 411 529 aeternae
428 502 508 540 prorsus
525 503 564 529 non
582 503 616 530 nos
634 503 700 530 sumus
717 493 759 543 ipsi,
774 493 809 534 sed
823 494 906 546 Spiritus

38 566 135 624 'Sanctus
149 567 167 605 in
182 565 242 605 nobis.
270 563 297 604 Et
318 565 356 603 vita
377 569 457 605 aeterna
475 565 515 613 jam
536 571 566 604 est
584 565 603 604 in
621 565 674 604 nobis
696 579 732 617 per
752 570 833 619 gratiam
852 572 906 612 nohis

51 641 190 681 inhabitantem
211 639 295 691 Spiritus
315 637 382 679 Sancti
401 641 509 691 operantis,
531 641 580 679 sicut
600 646 641 679 tota
661 641 718 680 arbor
738 643 756 681 in
777 646 850 684 semine
871 653 906 685 est.

53 716 119 756 Vitam
136 723 235 755 aeternam
254 716 391 767 consequimur
411 727 458 766 ergo
479 728 516 765 per
540 714 673 754 evolutionem
697 719 771 768 gratiae
794 719 847 759 nobis
865 723 906 771 jam

52 793 167 832 inhaerentis
180 791 213 830 vel
227 790 348 830 inhabitantis
362 797 383 830 et
395 791 455 829 vitam
470 797 569 829 aeternam
583 791 602 829 in
616 791 688 830 semine
703 794 824 835 continentis

105 865 134 905 St.
153 865 240 905 Thomas
261 866 375 906 sententiam
396 877 450 904 suam
472 864 557 916 denique
577 864 659 905 illustrat
680 879 716 917 per
736 867 781 907 iilud
803 868 905 920 Apostoii:

54 941 105 991 «Qui
114 940 185 993 Spiritu
196 940 234 980 Dei
248 947 335 992 aguntur,
350 941 369 979 hi
383 947 426 980 sunt
440 939 472 979 iiiii
481 939 519 978 Dei
529 971 533 979 .
544 971 548 979 .
560 971 563 978 .
574 941 589 978 si
604 948 669 980 autem
683 940 715 981 fiiii
729 950 749 982 et
764 944 907 984 heredes...

52 1019 67 1056 si
85 1016 151 1056 tainen
172 1017 306 1067 compatimur,
327 1021 348 1054 ut
367 1022 386 1054 et
405 1014 606 1066 conglorificemur»,3
627 1029 666 1067 qua
683 1016 707 1057 de
725 1031 745 1057 re
763 1019 813 1058 hene
828 1018 905 1060 Satolliz

54 1092 128 1132 «Datur
142 1104 187 1141 ergo
209 1090 312 1138 hereditas,
332 1103 371 1129 non
385 1091 430 1141 quia
449 1089 481 1129 tilii
499 1096 573 1128 tantum
591 1103 663 1139 sumus
681 1091 715 1131 sed
734 1095 779 1144 quia
800 1093 854 1133 boni
875 1095 907 1134 filii

52 1169 193 1218 compatientes
207 1166 292 1206 Christo:
313 1176 349 1204 nec
366 1176 429 1203 rursus
449 1166 494 1216 quia
512 1163 559 1204 boni
578 1171 652 1204 tantum
666 1179 737 1215 sumus,
752 1169 788 1208 sed
803 1172 847 1220 quia
861 1171 907 1210 boni

52 1241 135 1282 iiiii.»4

104 1317 148 1357 Tati
162 1316 221 1355 modo
236 1314 360 1367 intelligenda
375 1321 404 1355 est
418 1313 504 1355 doctrina
519 1314 558 1354 diui
572 1317 657 1367 magistri
671 1316 749 1357 devita
764 1326 842 1360 aeterua
851 1322 907 1361 bonis

51 1393 143 1444 operibus
158 1390 256 1431 merenda.

104 1467 243 1508 Confitendum
264 1473 299 1515 est,
321 1467 371 1505 hanc
390 1468 507 1505 sententiam
528 1466 581 1506 nulio
601 1466 661 1506 modo
682 1467 781 1509 doctrinae
803 1470 827 1510 de
846 1473 907 1523 gratia

51 1545 112 1584 iibera
125 1556 241 1595 repugnare.

104 1618 206 1659 Praeterea
220 1619 270 1658 haec
284 1619 319 1657 tria
332 1616 455 1657 observanda
469 1623 524 1656 sunt:

104 1695 122 1748 a)
136 1694 191 1734 Licet
203 1694 320 1745 pervulgata
332 1695 356 1731 sit
365 1697 461 1733 consensu
472 1692 608 1744 theologorum
618 1694 667 1733 haec
676 1696 772 1734 sententia
782 1695 802 1735 S.
810 1694 906 1744 Thomae,

2 1782 4 1786 ·
51 1782 86 1809 nos
101 1772 159 1809 vitam
175 1776 272 1809 aeternam
288 1782 315 1808 ex
328 1768 424 1819 condigno
441 1770 517 1815 mereri,
537 1770 645 1818 propositio
664 1782 701 1808 non
719 1775 785 1809 tamen
806 1769 834 1809 de
856 1771 907 1810 sirie

51 1856 87 1892 est,
101 1848 146 1896 quia
160 1845 212 1885 hisce
227 1847 311 1885 terminis
326 1844 405 1884 definita
418 1856 457 1883 non
472 1846 573 1894 reperitur.

103 1921 124 1974 b)
137 1921 209 1972 Neque
230 1920 326 1960 distinctio
346 1921 416 1959 usitata
432 1921 482 1960 inter
499 1921 589 1959 meritum
607 1920 632 1960 de
651 1920 748 1971 condigno
766 1928 787 1960 et
800 1921 852 1971 quod
870 1921 907 1960 «rie

51 2009 148 2047 congruo»
164 2003 244 2049 uocant&
256 1995 281 2035 de
295 1995 334 2035 fide
349 2003 384 2045 est,
399 1998 497 2047 quianon
512 1996 597 2036 definita

104 2071 122 2124 c)
136 2071 228 2111 Doctrina
245 2071 265 2110 S.
279 2071 369 2111 Thomae
390 2071 415 2111 de
435 2073 505 2112 merito
526 2072 579 2112 nullo
599 2070 659 2111 modo
676 2071 776 2111 doctrinae
793 2071 818 2111 rie
837 2074 907 2111 merito

51 2147 122 2187 Christi
142 2154 244 2198 repugnat,
266 2149 311 2198 quia
331 2149 376 2186 satis
397 2149 502 2197 conspicue
523 2146 587 2194 docet,
609 2145 757 2185 tundamentum
776 2159 810 2186 seu
828 2159 906 2186 causam

50 2224 168 2263 meritoriam
181 2225 243 2261 omnis
258 2224 323 2273 operis
336 2221 420 2273 Spiritus
437 2221 504 2262 Sancti
525 2224 547 2261 in
568 2222 623 2261 nobis
640 2228 660 2260 et
682 2235 726 2272 per
747 2234 782 2260 nos
799 2234 841 2261 esse
856 2235 907 2273 opus

50 2298 121 2337 Christi
141 2297 289 2337 satisfactorium
312 2310 357 2348 pro
380 2297 439 2337 nobis.
475 2296 589 2336 Secundum
612 2297 649 2336 hoc
672 2298 788 2347 principium
812 2296 908 2336 duntaxat

50 2373 126 2413 rationis
141 2372 251 2412 sufficientis
265 2385 346 2424 semper
359 2372 384 2412 de
399 2374 468 2412 merito
481 2372 563 2411 hominis
580 2372 666 2423 loquitur
679 2371 793 2422 Angelicus.
814 2371 907 2411 Ceterum

50 2448 137 2487 doctrina
158 2446 183 2487 de
204 2460 265 2499 opere
280 2447 350 2487 Christi
370 2447 497 2487 satisfactorio
518 2448 556 2486 huc
576 2460 615 2486 non
636 2448 727 2496 pertinet,
755 2445 860 2486 Lectorem
882 2446 906 2485 ad

52 2523 176 2563 «Summam»
198 2525 261 2574 ipsam
279 2530 299 2562 et
316 2522 340 2562 ad
359 2536 387 2570 ea,
410 2535 459 2573 quae
481 2535 540 2573 supra
561 2524 661 2561 citavimus
680 2528 700 2561 et
714 2521 740 2560 de
754 2534 812 2561 causa
833 2523 906 2572 gratiae

50 2597 211 2649 explicavimus,5
228 2599 327 2638 remittere
341 2598 404 2638 liceat.

103 2673 148 2712 Vim
163 2675 224 2712 meriti
238 2673 283 2711 nihii
297 2672 362 2720 habet,
377 2672 430 2723 quod
444 2674 542 2723 pertineat
556 2671 580 2710 ad
595 2674 696 2723 primam
711 2673 821 2722 gratiam.
849 2672 906 2712 Hanc

49 2750 131 2799 gratiam
145 2748 257 2799 simphciter
271 2761 329 2788 nemo
343 2749 413 2787 mereri
426 2746 513 2798 potestss

102 2823 153 2863 Satis
167 2826 293 2875 perspicuum
307 2824 344 2863 hoc
358 2830 393 2863 est.
421 2822 473 2862 Nam
487 2824 522 2861 nisi
536 2827 601 2873 gratus
611 2823 635 2861 sit
644 2821 688 2861 Deo
698 2827 718 2861 et
732 2827 831 2873 acceptus,
846 2821 906 2861 homo

49 2899 93 2938 nihi]
108 2912 120 2938 a
133 2899 177 2939 Deo
198 2900 267 2939 mereri
287 2904 359 2949 potest.
388 2897 456 2938 Gratus
478 2903 543 2937 autem
564 2903 584 2936 et
605 2902 697 2947 acceptus
715 2896 760 2936 Deo
782 2908 825 2935 esse
846 2896 905 2936 homo

70 3018 76 3040 1
91 3018 108 3049 1³-
120 3025 144 3058 73-

70 3070 77 3094 2
90 3072 131 3104 ibid.

70 3124 212 3166 ³MSmm

69 3179 77 3203 4
90 3180 108 3213 L,
121 3191 133 3214 e.
145 3191 161 3220 p.
172 3188 207 3219 299.

70 3234 77 3257 ⁵
91 3234 129 3274 Cap.
142 3233 162 3267 V.
174 3233 203 3272 Qu.
215 3233 243 3265 IV.

70 3288 77 3311 ⁶
91 3288 108 3321 P.
120 3296 145 3330 74.
