2178 3556
65 237 121 290 1898.
137 236 174 277 Νο.
190 247 207 276 2.
262 249 291 280 nn
302 249 385 282 oanan
396 250 480 282 cnarsrr
490 251 518 282 aa
529 250 558 283 bu
570 250 646 282 innuo
659 250 765 283 artenaio.
893 247 916 275 21

118 364 208 404 «Prorsus
218 364 292 405 donum
302 364 339 405 Dei
349 373 379 406 est
388 367 468 419 diligere
479 368 550 409 Deum.
574 366 619 419 [pse
629 370 681 408 enim
695 374 716 406 ut
730 367 843 417 diligeretur
857 364 917 413 dedit,

62 441 96 491 qui
110 452 149 479 non
163 438 245 479 dilectus
260 439 358 482 dilexitn1

116 513 230 564 Comparari
244 520 326 566 possunt
340 516 389 555 haec
402 516 462 556 verba
476 529 521 556 cum
530 516 594 556 verbis
609 516 642 556 St.
652 516 798 566 Augustini:
816 514 918 555 «Liberum

62 588 160 627 arbitrium
175 588 198 628 ad
214 588 334 641 diligendum
348 589 413 630 Deum
427 592 485 642 primi
498 592 575 643 peccati
589 590 699 642 granditate
712 588 862 641 perdidimus.»2

117 663 253 716 «Quicumque
268 664 345 714 dixerit,
359 667 440 718 gratiam
453 666 492 707 Dei
504 665 642 717 justificantem
656 665 722 706 valere
736 664 799 704 solum
812 663 837 703 ad
853 666 918 704 remis-

62 740 136 778 sionem
153 745 287 790 peccatorum,
309 754 360 792 quae
376 743 418 792 jam
434 725 538 782 commissa
556 747 605 790 sunt,
628 748 648 782 et
664 754 704 781 non
722 741 781 780 etiam
802 738 919 789 adjutorium

62 812 154 860 conferat,
170 826 194 853 ne
208 817 359 864 committantur,
373 817 477 857 anathema
490 816 544 857 sit.»3

117 888 252 939 «Adjutorium
267 890 305 930 Dei
318 904 398 943 semper
412 898 441 932 est
455 891 606 944 implorandum,
628 898 649 931 ut
663 890 688 931 ad
706 890 765 931 finem
784 891 856 931 bonum
875 903 919 941 per-

62 964 129 1002 venire
143 964 173 1003 vel
188 965 206 1003 in
220 965 273 1005 bono
286 978 347 1018 opere
361 967 467 1018 perdurare
482 966 585 1018 pessime

116 1039 189 1089 Quibus
206 1043 307 1080 sententiis
325 1042 431 1081 concordat
452 1041 591 1083 Concilium
609 1042 787 1090 Tridentinum,
808 1039 919 1080 declarans:

63 1114 215 1163 «Justificationis
230 1116 333 1155 exordium
347 1118 366 1155 in
380 1117 448 1156 adultis
463 1130 474 1156 a
489 1117 527 1157 Dei
541 1130 577 1169 per
591 1117 689 1157 Christum
703 1116 768 1165 Jesurn
779 1117 919 1168 praeveniente

61 1191 122 1241 gratia
136 1189 252 1229 sumendum
267 1190 339 1230 esse»⁵

117 1264 150 1304 «Si
170 1266 213 1317 quis
235 1265 313 1314 dixerit,
334 1266 433 1306 hominem
455 1269 493 1307 suis
517 1267 615 1319 operibus,
640 1281 692 1320 quae
713 1267 743 1307 vel
765 1280 803 1319 per
823 1266 919 1306 humanae

61 1347 142 1380 naturae
154 1339 186 1396 'vel
202 1353 238 1391 per
252 1341 301 1393 legis
315 1340 422 1382 doctrinam
437 1342 490 1390 fiant,
510 1344 584 1394 absque
603 1342 667 1383 divina
684 1356 720 1393 per
736 1342 802 1391 lesum
821 1341 919 1381 Christum

61 1417 122 1467 gratia
137 1428 196 1466 posse
209 1416 309 1466 justificari
323 1429 388 1456 coram
402 1417 453 1465 Deo,
467 1418 493 1457 A.
508 1417 552 1460 S.»6

117 1489 205 1542 «Siquis
220 1491 296 1540 dixerit,
312 1492 410 1532 hominem
423 1493 549 1543 justificatum
563 1494 604 1532 sine
618 1493 698 1545 speciali
711 1492 748 1532 Dei
765 1491 837 1532 auxilio
852 1503 919 1542 perse-

60 1578 130 1605 uerare
144 1578 203 1616 posse
258 1598 261 1606 .
276 1567 301 1606 A.
316 1565 361 1605 Sat

114 1640 210 1680 Lutherus
232 1642 312 1693 quidem
327 1655 365 1681 non
380 1645 481 1690 consentit,
503 1644 584 1683 liberum
598 1644 703 1690 arbitrium,
725 1644 759 1681 nisi
779 1644 797 1681 in
811 1641 855 1681 Deo
869 1642 918 1690 solo,

61 1718 140 1755 omnino
155 1729 227 1767 negans
242 1717 274 1768 (de
289 1731 328 1770 qua
341 1731 362 1757 re
377 1718 437 1769 infra),
453 1721 568 1768 praesertim
583 1720 601 1756 in
615 1719 664 1758 libro
674 1718 710 1757 De
723 1731 796 1757 servo
811 1717 918 1757 arbitrio

60 1790 126 1830 Etiam
140 1794 158 1830 in
171 1792 241 1830 libris
260 1793 403 1843 symbolicis
417 1793 532 1833 Lutheranis
547 1795 584 1833 loci
598 1796 721 1844 reperiuntur
735 1792 823 1842 ejusdem
838 1791 917 1831 farinae:

60 1864 99 1906 Ex.
114 1880 142 1917 gr.
157 1866 247 1906 Formula
261 1867 389 1917 Concordiae,
403 1869 435 1907 ubi
450 1867 527 1908 dicitur:
557 1867 612 1908 «Hoc
627 1870 726 1919 negotium
742 1867 776 1906 Dr.
791 1866 888 1906 Lutherus
899 1868 919 1905 in

61 1940 110 1980 libro
124 1955 159 1981 suo
172 1941 204 1981 De
218 1955 276 1982 servo
290 1943 367 1982 arbitrio
381 1951 447 1983 contra
461 1942 565 1983 Erasmum
579 1946 677 1994 egregie
698 1949 721 1981 et
742 1941 824 1982 solide
839 1942 919 1991 expli-

61 2018 115 2065 cuit,
131 2020 190 2069 atque
200 2020 315 2057 sententiam
326 2018 375 2058 hanc
384 2020 436 2069 piam
449 2026 469 2057 et
483 2021 573 2058 invictam
588 2031 631 2058 esse
645 2019 792 2058 demonstravit.
820 2016 890 2055 Postea
900 2018 919 2055 in

61 2093 200 2132 commentario
207 2093 239 2131 illo
249 2093 356 2143 praeclaro,
367 2107 426 2145 quem
434 2096 453 2132 iu
461 2094 546 2133 Genesin
553 2096 628 2144 scripsit
636 2095 749 2145 (praecipue
758 2095 775 2132 in
786 2092 918 2142 explicatione

62 2164 86 2204 26
95 2167 169 2219 capitis)
177 2167 261 2207 eandem
269 2170 360 2219 repetiuit
368 2176 388 2208 et
395 2169 530 2209 declaravit...
540 2168 573 2208 Ea
583 2170 621 2208 hic
631 2170 738 2220 repetita
748 2180 801 2207 esse
811 2166 919 2206 volumus

61 2248 81 2281 et
95 2249 117 2281 ut
131 2243 232 2294 diligenter
245 2243 339 2294 legantur,
361 2257 428 2283 omnes
442 2243 570 2284 hortamur.»E
596 2244 634 2283 Hic
647 2243 761 2283 referendus
778 2249 807 2282 est
820 2242 851 2281 ille
865 2241 919 2280 locus

61 2331 109 2367 prae
123 2320 191 2358 ceteris
205 2318 282 2357 illustris
297 2325 317 2358 et
335 2326 443 2358 memoratu
461 2319 536 2371 dignus,
558 2319 592 2358 sed
611 2332 696 2369 parum
715 2319 869 2363 observatus,
887 2317 920 2355 ubi

61 2391 163 2441 Lutherus,
179 2406 217 2432 non
236 2395 255 2432 in
276 2394 348 2444 scripto
369 2396 451 2444 prinam,
473 2395 509 2434 sed
530 2397 549 2434 in
569 2394 686 2434 Articulis
706 2391 918 2440 Schmalcaldicis,

62 2479 110 2518 ergo
124 2470 143 2507 in
157 2469 204 2507 libro
218 2469 334 2519 symbolico,
350 2468 404 2508 dicit:

117 2543 175 2582 «lteri
189 2550 234 2582 sunt
248 2556 322 2583 errores
337 2551 356 2582 et
373 2545 464 2595 caligines
479 2575 484 2582 .
499 2575 503 2583 .
522 2544 681 2584 scholasticorum
698 2543 801 2582 doctorum
820 2541 918 2592 dogmata,

62 2619 132 2669 quihus
147 2618 236 2658 docetur:
253 2653 256 2660 .
273 2652 276 2658 .
292 2651 296 2659 .
310 2618 416 2658 Hominem
430 2619 502 2658 habere
521 2620 602 2658 liberum
623 2619 721 2658 arbitrium
742 2616 825 2657 faciendi
845 2617 919 2655 bonum

62 2690 920 2741 domumdoinum,etecontraominendrbonumetfaciendimalum.»⁹

62 2767 99 2808 Hic
114 2782 167 2821 ergo,
182 2771 243 2808 missis
258 2770 377 2820 ambagibus,
393 2770 480 2810 doctrina
495 2768 570 2809 funesta
584 2781 638 2808 mere
656 2767 859 2814 deterministica,
874 2779 920 2816 pro-

85 2877 91 2896 1
104 2876 144 2910 lbid.
157 2878 194 2908 Cau.
206 2885 231 2917 25,

82 2926 90 2950 2
104 2930 155 2969 Epist.
166 2939 196 2971 217
210 2931 230 2961 ad
241 2931 316 2963 Vitalem.

83 2981 90 3003 3
105 2984 154 3015 Cone.
165 2984 231 3016 Milevit.
244 2984 283 3015 Can.
295 2993 309 3024 3.

82 3036 91 3059 4
104 3039 176 3070 Arausio.
189 3038 227 3069 Can.
240 3046 263 3070 10.

83 3090 90 3111 ⁵
105 3092 147 3123 Sess.
158 3092 185 3129 Vl,
197 3102 210 3123 c.
222 3099 236 3131 5,

20 3149 23 3155 “
84 3142 91 3165 ⁶
106 3146 145 3179 thid.
158 3148 195 3178 Can.
209 3156 215 3177 r
229 3146 242 3176 dr
255 3155 278 3177 11.

83 3196 90 3219 7
105 3200 146 3230 lhid.
158 3201 196 3231 Can.
208 3210 233 3230 22,

83 3250 91 3273 ⁸
105 3252 158 3283 Form.
170 3254 218 3284 Cone.
230 3254 246 3284 S.
257 3253 277 3285 D.
289 3252 307 3290 ll,
319 3261 343 3291 44.

83 3302 91 3325 ⁹
105 3305 159 3337 Sehm.
169 3307 204 3339 Art.
216 3306 234 3337 P.
244 3306 270 3337 HI.
281 3306 317 3336 Art.
327 3304 338 3336 Ι,
