2178 3556
487 220 508 252 tr.
519 221 710 254 tranen-torturus
919 212 975 253 H.-F.
989 211 1020 252 Kl.

222 331 334 374 «Praedicta
347 341 433 385 quatuor
442 350 493 388 quae
502 341 626 391 requiruntur
635 340 660 380 ad
673 340 829 391 justificationem
842 342 900 392 impii,
916 348 1021 392 tempore

166 406 247 456 quidem
265 416 309 449 sunt
329 412 407 462 simul,
429 416 473 465 quia
488 415 599 466 justificatio
615 418 669 468 impii
686 430 723 456 non
742 424 771 456 est
785 419 899 465 successiva,
914 424 936 455 ut
949 416 1021 455 dictum

167 488 197 520 est
211 491 246 522 art.
262 498 329 535 praec3
352 488 386 527 sed
405 490 472 530 ordine
489 498 568 532 naturae
583 506 641 532 unum
657 506 723 533 eorum
738 499 768 532 est
782 494 833 544 prius
848 493 918 540 alter0;
940 498 959 531 et
972 493 1022 531 inter

167 569 190 596 ea
204 561 286 600 naturali
300 562 368 603 ordine
383 567 485 616 primum
499 574 534 607 est
548 570 643 619 gratiae
658 567 758 615 infusi03
773 566 880 607 secundum
890 573 954 606 motus
968 566 1022 605 liberi

167 633 239 674 arbitrii
256 637 275 676 in
289 637 363 685 Deum3
385 642 462 680 tertium
481 649 511 681 est
529 649 593 682 motus
612 643 666 682 liberi
684 643 754 682 arbitrii
769 644 787 681 in
804 647 916 693 peccatum
931 647 1021 692 quartum

165 722 215 749 uero
230 718 259 750 est
273 714 360 755 remissio
375 717 462 767 culpae.»

223 785 294 837 «Cujus
304 791 352 829 ratio
362 798 392 831 est
401 794 445 842 quia
460 795 477 832 in
492 794 579 844 quolibet
592 800 646 833 motu
662 794 773 833 naturaliter
787 794 887 844 primum
902 799 937 831 est
951 792 1021 831 motio

167 861 246 911 ipsius
260 868 392 914 mouentis:
408 868 514 908 seeundum
525 875 589 909 autem
600 876 630 909 est
645 869 775 920 dispositio
785 869 883 915 materiae,
893 869 934 907 siue
946 874 1021 906 motus

167 936 245 987 ipsius
267 940 374 989 mobilis;
396 943 483 982 ultimum
500 958 547 984 uero
564 951 594 984 est
612 944 654 984 finis
673 944 703 985 uel
721 946 813 984 terminus
831 949 901 990 motus,
920 942 945 982 ad
962 955 1020 993 quern

168 1015 281 1053 terminatur
300 1018 361 1055 motio
379 1021 481 1058 mouentis.
510 1020 566 1070 lpsa
587 1023 661 1073 igitur
681 1019 726 1059 Dei
747 1020 869 1058 mouentis
890 1019 962 1057 motio
983 1023 1021 1058 est

167 1089 265 1137 gratiae
284 1089 382 1139 infusio,
397 1099 417 1131 ut
432 1093 504 1134 dictum
519 1102 548 1135 est
562 1110 621 1147 supra
636 1103 670 1137 art.
685 1095 697 1135 6
711 1097 767 1146 hujus
781 1100 858 1146 quaest;
877 1100 941 1133 motus
955 1100 1020 1133 autem

167 1162 197 1201 uel
221 1162 349 1214 dispositio
370 1168 444 1207 mobilis
463 1176 493 1209 est
507 1170 583 1222 duplex
597 1178 661 1211 motus
675 1172 728 1211 liberi
743 1172 821 1217 arbitrtu
844 1170 935 1209 terminus
949 1175 1020 1216 antem,

165 1237 196 1276 uel
213 1237 268 1278 linis
285 1248 363 1279 motus
381 1249 418 1282 est
436 1247 545 1285 remissio
563 1248 660 1298 eulpae,
676 1254 697 1286 ut
710 1260 737 1287 ex
751 1260 809 1297 supra
823 1246 877 1285 dictis
892 1251 947 1297 patet
961 1242 1018 1283 ibid»

222 1313 299 1354 «Potest
317 1316 355 1356 dici
374 1318 426 1368 quod
446 1322 521 1359 termini
539 1322 681 1370 justificationis
701 1329 746 1373 sunt
764 1323 821 1372 culpa
835 1323 884 1360 sicut
898 1335 909 1360 a
923 1333 978 1372 quo,
1000 1326 1020 1359 et

163 1389 236 1437 justitia
257 1390 306 1429 sicut
327 1392 355 1431 ad
377 1406 458 1444 quem;
480 1398 559 1447 gratia
579 1410 628 1437 uero
649 1406 679 1438 est
699 1410 756 1437 causa
778 1399 892 1437 remissionis
913 1397 982 1448 culpae
1000 1403 1020 1436 et

165 1463 274 1515 adeptionis
286 1467 391 1516 justitiae.»

517 1731 622 1783 Quaestio
636 1733 667 1773 Vl.

419 1844 452 1878 De
463 1845 600 1881 remissione
611 1846 765 1890 peccatorum.

216 1939 281 1988 Quum
299 1942 386 1981 remissio
404 1949 530 1993 peccatorum
548 1945 657 1984 secundum
675 1944 782 1984 doctrinam
796 1944 816 1984 S.
831 1944 921 1985 Thomae
936 1958 980 1995 pars
994 1948 1018 1985 sit

159 2014 300 2064 justificationis
314 2017 345 2056 uel
360 2020 425 2068 potius
440 2019 517 2059 ultimus
532 2023 625 2060 terminus
637 2020 797 2070 justificationis,1
817 2033 923 2072 congruum
938 2020 974 2059 erit
988 2021 1018 2060 hic

161 2089 235 2129 addere
250 2091 315 2131 theses
329 2093 403 2144 aliquas
418 2093 443 2134 de
457 2097 569 2135 remissione
583 2102 715 2147 peccatorum.

218 2243 232 2272 r.
261 2230 334 2271 Utrum
347 2234 392 2272 sine
404 2234 544 2285 poeniteniam
556 2241 661 2287 peccatum
676 2235 754 2274 rnui'rrz'
766 2235 836 2287 possit.

215 2316 284 2365 lesem.
303 2319 334 2358 18:
352 2318 384 2359 «Si
398 2323 538 2371 poenitentiam
553 2324 615 2373 egerit
629 2334 677 2373 gens
691 2322 723 2361 illa
737 2334 748 2360 a
761 2321 812 2361 malo
826 2320 879 2371 quod
894 2320 945 2368 iecit,
960 2333 1017 2371 agam

161 2398 181 2431 et
196 2405 234 2444 ego
249 2395 390 2444 poenitentiam
404 2408 465 2446 super
478 2397 529 2435 malo
546 2396 599 2447 quod
616 2398 699 2448 cogitaui
714 2403 735 2435 ut
749 2396 834 2436 lacerem
848 2398 882 2435 ei»
914 2394 951 2434 «Et
964 2397 1016 2434 sice

161 2472 256 2510 contrario
271 2469 349 2510 uidetur
363 2470 416 2521 quod
431 2473 450 2510 si
472 2473 540 2511 homo
561 2474 744 2523 poenitentiam
766 2485 812 2511 non
833 2477 895 2522 agat,
911 2471 976 2510 Deus
996 2471 1016 2509 ei

160 2559 207 2585 non
221 2549 328 2585 remittat
347 2545 484 2587 offensam.»

216 2622 349 2673 «impossibiie
370 2629 400 2661 est
420 2628 523 2673 peccatum
544 2624 621 2663 actuale
642 2623 723 2662 mortale
739 2626 781 2663 sine
799 2624 919 2674 poenitentia
939 2623 1015 2669 remitti,

159 2696 259 2748 loquendo
273 2696 298 2736 de
312 2698 432 2747 poenitentia
447 2711 498 2749 quae
512 2704 542 2737 est
555 2697 649 2737 uirtus.»3

162 2815 164 2822 Α
216 2771 284 2811 «Unde
305 2773 407 2822 requiritur
428 2772 452 2811 nd
476 2774 609 2812 remissionem
632 2772 708 2812 diuinae
732 2771 826 2820 offensae,
850 2771 904 2823 quod
926 2772 1015 2811 uoluntas

160 2848 243 2887 hominis
257 2848 285 2887 sic
298 2848 411 2886 immutetur
424 2854 445 2886 ut
459 2853 619 2887 convertatur
637 2847 664 2887 ad
678 2846 753 2887 Deum
768 2861 812 2886 cum
827 2846 956 2887 detestatione
970 2860 1015 2887 con-

160 2923 253 2962 versionis
274 2922 387 2972 praedictae
405 2922 441 2975 (sc:
463 2923 594 2962 conversionis
612 2922 636 2961 ad
656 2922 733 2974 aliquod
750 2923 823 2961 bonum
838 2922 980 2975 commutabile)
995 2928 1015 2961 et

159 2998 262 3049 proposito
281 2996 407 3045 emendandi;
428 2997 482 3048 quod
500 3000 585 3049 pertinet
601 2997 627 3037 ad
643 3000 738 3038 rationem
755 2998 892 3048 poenitentiae,
907 2996 1015 3037 secundum

181 3179 187 3201 1
202 3178 245 3209 Vide
255 3188 302 3218 supra
313 3188 340 3217 qu.
352 3178 367 3208 V
379 3177 446 3219 (CXlll),
457 3179 472 3209 6.

181 3232 188 3255 2
202 3232 223 3264 Η.
235 3233 245 3263 l.
257 3236 274 3262 ut
284 3232 340 3271 virtus,
352 3242 385 3263 non
395 3235 414 3263 ut
424 3235 543 3263 sacramentum.

180 3285 187 3309 ³
202 3287 276 3318 Summae
286 3285 332 3319 Tem.
344 3284 371 3316 IV.
383 3285 413 3323 Qu.
425 3285 513 3323 LXXXVI,
524 3286 560 3317 Art.
571 3286 590 3318 H.
