2178 3556
166 247 191 300 36
481 260 501 294 u.
512 260 705 294 saona-rouuruo.
919 253 975 296 H.-F.
990 254 1023 295 Kt.

165 376 261 427 appellari
276 385 347 428 potest.
375 378 412 418 Hic
427 379 508 420 effectus
522 393 560 420 non
575 382 662 420 consistit
676 382 694 420 iu
715 388 804 422 coactu
825 383 895 434 aliquo,
913 398 950 435 per
963 397 1021 436 quem

164 453 246 494 liberum
261 456 359 495 arbitrium
374 455 457 495 tollatur.
481 455 565 496 Vocatio
579 458 645 496 bisina
658 470 697 496 non
710 457 806 507 ejusmodi
821 465 855 506 est,
871 461 901 498 cui
913 462 974 499 resisti
984 473 1022 500 nou

163 531 232 580 possit,
247 531 278 570 vel
294 544 345 582 quae
359 539 423 584 cogat.
452 531 492 572 Sed
505 545 541 583 per
555 533 617 582 ipsam
632 533 754 571 uocationem
770 539 862 583 peccator
875 534 987 574 immediate
1002 541 1022 574 et

163 606 300 646 inevitabiliter
314 620 384 647 nouam
399 606 545 658 dispositionem
556 609 632 657 accipit,
643 609 718 658 quippe
728 609 760 657 qui
769 614 850 647 uocatus
860 621 871 646 a
881 607 932 657 Deo,
948 608 1023 666 lacul-¹

163 687 239 721 tatem
262 682 362 732 possideat
380 681 438 732 plena
456 681 545 720 libertate
561 682 644 732 gratiam
662 681 748 721 oblatam
765 688 786 720 et
803 681 855 721 bona
872 683 914 732 ejus
927 696 1020 734 superna·

162 757 231 796 turalia
246 756 357 808 recipiendi.
385 756 474 796 Verbum
488 756 552 795 salutis
567 761 694 806 peccatorem
708 757 726 794 in
740 756 792 796 bivio
806 756 894 796 collocat.
917 757 954 798 Via
968 761 1019 799 vitae

162 839 182 872 et
197 835 228 872 via
242 835 309 872 mortis
323 838 367 871 ante
381 831 448 871 oculos
463 832 503 881 ejus
517 836 598 880 apertae
610 831 682 879 jacent,
711 830 795 872 Posthac
811 839 902 883 peccator
923 836 1019 874 vocationi

161 909 252 948 resistens
268 909 414 947 excusationem
429 918 468 944 non
482 905 566 944 habebit.
589 904 609 944 Si
620 905 691 945 dixerit
699 918 765 945 coram
778 907 851 956 judicio
865 907 908 956 Der,
923 922 944 948 se
958 912 1018 950 vitam

161 984 233 1035 eligere
254 995 293 1022 non
314 982 406 1032 potuisse,
428 982 537 1020 mentietur.
579 979 699 1020 Facultatem
721 983 772 1020 enim
794 982 877 1033 eligendi
904 984 1018 1034 possidebat

160 1061 231 1098 uirtute
246 1059 305 1108 ipsius
320 1057 391 1108 gratiae
406 1054 566 1104 sustinentis,
581 1063 707 1107 peccatorem
721 1059 815 1105 uocantis,
829 1064 899 1109 utpote
909 1071 960 1110 quae
972 1059 1017 1100 «det

161 1146 253 1184 posse».

211 1207 298 1247 Effectus
320 1208 392 1258 gratiae
415 1209 507 1253 vocantis,
529 1206 555 1247 de
576 1220 616 1258 quo
637 1208 669 1247 bic
685 1207 787 1259 loquimur,
806 1221 844 1247 non
862 1221 899 1259 per
916 1221 937 1248 se
951 1210 1014 1260 ipsum

158 1283 274 1322 salutaris
288 1288 323 1329 est,
338 1281 373 1321 seri
388 1281 498 1321 conditio
516 1280 623 1321 formalis
638 1284 752 1330 necessaria!
767 1285 812 1334 quia
825 1283 885 1322 homo
899 1283 965 1333 lapsus
979 1297 1015 1335 per

157 1371 178 1397 se
193 1371 232 1397 non
246 1357 381 1407 dispositus
399 1364 429 1397 est
443 1357 467 1396 ad
481 1358 562 1408 gratiam
577 1357 745 1408 supernaturalem
761 1357 900 1409 accipiendam.
929 1358 1015 1410 Disposi-

157 1436 230 1473 tionem
245 1441 311 1473 autern
326 1434 454 1473 necessariam
466 1431 520 1471 Deus
535 1433 588 1482 prius
603 1438 656 1471 creat
670 1444 706 1482 per
720 1432 771 1471 banc
784 1434 865 1483 gratiam
879 1432 1013 1473 sufficientem.

209 1508 230 1548 Si
252 1516 345 1560 peccator
366 1509 448 1559 elegerit
464 1509 482 1546 in
501 1514 584 1557 peccato
602 1519 687 1554 manere,
707 1508 749 1557 ipse
768 1519 815 1559 ergo
833 1510 903 1547 noxius
918 1515 952 1548 est.
980 1508 1013 1548 Sin

153 1591 218 1624 autem
235 1585 319 1624 salutem
336 1583 421 1623 oblatam
441 1589 460 1622 et
478 1584 528 1621 viam
546 1584 598 1622 vitae
612 1582 699 1633 elegerit,
715 1582 777 1621 honor
790 1581 835 1622 Deo
849 1583 962 1623 tribuendus
978 1591 1012 1623 est.

152 1659 204 1700 Nam
219 1659 273 1699 Deus
295 1666 330 1706 est,
351 1661 384 1709 qui
405 1671 442 1709 per
462 1660 543 1709 gratiam
561 1664 666 1697 vocantem
683 1656 797 1696 facultatem
816 1656 876 1705 dedit,
895 1670 934 1709 qua
955 1661 1012 1697 utitur

152 1742 246 1786 peccator
259 1736 342 1774 salutem
356 1740 376 1773 et
391 1735 442 1772 viam
457 1733 507 1771 uitae
523 1731 602 1783 eligens.
624 1731 738 1772 Secundum
752 1732 872 1782 Apostolum
885 1732 950 1772 «Deus
961 1735 1011 1773 enim

152 1818 187 1856 est,
208 1812 241 1861 qui
263 1816 355 1860 operatur
376 1811 394 1848 in
416 1811 470 1848 nobis
491 1815 511 1848 et
532 1808 583 1847 uelle
605 1814 625 1847 et
643 1807 738 1859 perlicere
758 1821 794 1858 pro
810 1809 861 1847 bona
878 1808 1011 1848 uoluntate».1

151 1886 216 1925 Gratia
231 1886 265 1925 dat
278 1898 317 1924 non
331 1884 395 1923 solum
409 1896 468 1935 posse
482 1883 517 1923 sed
535 1885 593 1923 etiarn
612 1883 675 1923 uelle
694 1890 716 1922 et
734 1882 868 1934 perlicere,
883 1883 935 1923 unde
949 1886 1010 1935 gratia

150 1960 175 2000 es
178 1960 187 1999 s
189 1962 209 2000 ic
216 1974 246 2000 ax
260 1966 345 2000 vocatur.

202 2036 239 2076 Per
253 2037 303 2075 banc
317 2035 498 2082 considerationem,
513 2047 564 2085 quae
578 2037 649 2074 nostris
663 2035 731 2074 diebus
745 2047 785 2074 non
795 2037 858 2073 minus
867 2036 1008 2085 protestantica

149 2118 179 2150 est
192 2124 253 2162 quam
267 2111 366 2158 catholica,
378 2123 469 2161 quaeque
480 2123 500 2150 re
511 2123 558 2149 vera
573 2117 603 2149 est
613 2109 665 2149 nuda
679 2110 785 2160 explicatio
799 2111 944 2157 sententiarum,
959 2122 1006 2160 quas

148 2186 200 2237 apud
216 2185 237 2226 S.
253 2185 351 2225 Thomam
369 2187 483 2231 invenimus,
503 2183 601 2224 affirmare
618 2185 668 2231 licet,
687 2197 803 2224 consensum
822 2184 974 2224 ecclesiasticum
987 2187 1006 2223 in

148 2260 184 2301 bac
197 2262 279 2300 maximi
293 2263 387 2300 momenti
402 2261 489 2300 doctrina
503 2260 614 2311 dogmatica
628 2263 754 2300 instauratum
772 2273 820 2300 esse.

496 2508 604 2561 Quaestio
619 2507 656 2550 ll.‘2

442 2612 474 2647 De
486 2612 605 2649 effectibus
618 2613 709 2658 gratiae,

199 2698 287 2738 «Deinde
302 2699 464 2738 considerandum
479 2706 507 2739 est
522 2701 547 2740 de
562 2700 664 2740 effectibus
678 2701 760 2751 gratiae;
776 2705 796 2739 et
809 2700 873 2749 primo
887 2698 912 2738 de
932 2700 1001 2749 justi-

145 2773 262 2813 iicatioue
277 2776 353 2824 impii,
369 2787 420 2825 quae
435 2780 465 2814 est
479 2774 586 2815 eflectus
604 2776 699 2826 gratiae
717 2775 853 2825 operantis;
876 2773 962 2814 secundo
976 2774 1001 2814 de

143 2851 241 2897 merito,
256 2849 309 2900 quod
324 2855 354 2888 est
368 2848 448 2889 effectus
463 2852 537 2901 gratiae
552 2851 726 2901 cooperantis.»

196 2923 252 2963 Circa
264 2926 349 2975 primum
364 2926 472 2975 quaeritur:

199 3012 213 3037 ri
242 2998 293 3048 Quid
308 3001 332 3038 sit
343 2999 456 3049 justificatio
473 3001 531 3051 impii.
560 2999 632 3039 Utrum
647 2999 769 3052 justificatio
785 2999 847 3051 impii
864 2999 892 3038 stt
908 3000 999 3039 remissio

136 3078 271 3125 peccatorum.

194 3147 291 3188 Remissio
305 3156 432 3200 peccatorum
445 3158 481 3190 est
493 3151 648 3200 justificatio.

162 3268 167 3289 ¹
183 3268 224 3299 Phil.
236 3278 249 3303 2,
264 3277 287 3307 13.

160 3321 168 3344 Ξ
182 3323 258 3353 Summae
269 3322 314 3353 Tom.
326 3321 343 3352 ll.
356 3321 386 3360 Qu.
399 3321 452 3356 CXIll.
