2178 3556
178 372 296 412 veniente
311 373 391 424 gratia
404 372 520 412 sumendum
535 374 611 414 essenl
633 374 814 427 «Dispononrns
828 378 852 417 ad
863 380 1031 429 ipsamjustitiam

178 447 224 487 ilum
244 450 324 489 excitati
342 449 407 489 <lirina
424 451 485 501 gratia
503 456 523 490 et
544 449 609 501 adjuti,
631 450 691 492 iidem
706 465 732 492 ex
746 453 812 492 auditu
826 456 958 505 concipientes
972 455 1032 495 libere

177 532 282 565 moventur
295 528 314 565 in
328 525 426 566 ιὶειιιιιιι2

229 599 265 640 His
284 603 397 642 testimoniis
417 603 476 653 ipsius
489 600 589 642 Ecclesiae
607 602 729 654 adjungimus
752 605 880 644 testimonium
895 606 929 644 viri
943 618 1031 645 summae

177 679 302 726 auctoritatis,
323 677 470 724 Bellarmiui,
492 678 546 726 cujus
563 678 622 716 verba
641 678 677 718 hac
695 678 720 718 de
735 692 756 718 re
770 686 823 718 tanto
838 680 897 731 pluris
911 681 1031 721 aestimanda

176 759 226 800 sunt,
242 752 295 804 quod
311 765 321 791 a
335 754 376 792 ιιι-ο
391 755 481 800 oriuntur,
497 753 529 803 qui
544 753 563 791 in
578 752 747 804 «congregatione
761 752 786 792 de
803 755 890 794 auxiliis»
910 755 1030 796 adversarius

177 826 233 867 luerit
250 827 328 868 scholae
347 827 484 866 Tlromisticae.
512 825 578 866 Gratia
595 839 685 878 operans,
703 829 734 875 ait,
755 828 786 868 illa
807 836 842 877 est,
866 842 928 882 «quae
950 829 1030 871 efficit

176 903 197 942 ιιι
213 903 312 942 homine
328 904 431 952 primurn
445 908 522 940 actum
537 900 848 953 deliberataevoluntatis,
863 905 924 955 qualis
935 912 1029 947 estcon-

176 980 265 1026 v,ersio
284 980 325 1017 sire
340 977 363 1017 ab
378 976 458 1016 infidelit
451 984 490 1016 tate
504 975 528 1016 ad
545 976 609 1023 fidem,
624 979 665 1016 site
680 991 691 1017 a
706 985 775 1029 peccat
768 979 791 1018 tis
805 985 837 1020 cet
830 981 875 1019 teris
889 980 913 1020 ad
927 983 1029 1031 poeniten-

176 1056 244 1094 tiam.
272 1053 360 1105 igitur
382 1051 526 1092 observandum
548 1059 586 1099 est,
571 1052 674 1092 tDeum
698 1053 804 1094 secundum
829 1054 964 1108 quoddam
953 1068 1028 1096 venus

175 1142 272 1176 cat,rsae
292 1141 334 1168 esse
349 1134 487 1167 moventem
505 1133 623 1178 respectu
642 1129 719 1179 ipsius
734 1129 798 1169 velle
813 1130 947 1170 deliberatiet
960 1131 1028 1172 volun-

175 1211 235 1245 tatem
257 1218 303 1244 non
326 1216 378 1243 esse
402 1209 499 1242 mutent
503 1215 547 1249 em,
571 1203 613 1243 sed
635 1209 688 1243 tant
681 1210 728 1243 tum
752 1211 858 1245 motam
870 1205 955 1246 Nos
977 1209 1028 1247 enim

173 1293 302 1331 cooperamur
316 1278 360 1317 Deo
374 1276 465 1325 rolando,
479 1276 500 1317 id
518 1284 548 1317 est
541 1278 626 1317 tlibere
647 1278 775 1329 producendo
795 1287 859 1320 actum
880 1280 964 1330 volendi,
985 1283 1026 1322 sed

174 1369 218 1395 non
233 1367 392 1406 cooperamur
409 1341 562 1393 laciendout
576 1354 711 1393 velimus.»3

224 1430 345 1470 Addendnm
360 1436 390 1468 est
405 1429 505 1479 pulchrum
520 1428 558 1468 hoc
572 1430 703 1468 testimonium
718 1442 745 1469 ex
758 1430 833 1482 liturgia
847 1430 979 1482 desumptum,
994 1434 1026 1472 ubi

171 1506 259 1546 Ecclesia
268 1508 295 1545 sic
305 1513 355 1544 orat:
372 1504 477 1544 «Actiones
492 1511 572 1552 nostras
588 1517 707 1556 quaesumus
721 1504 811 1554 Domine,
826 1506 943 1558 adspirando
957 1521 1025 1558 prae-

171 1584 227 1621 veni
249 1588 268 1620 et
287 1580 397 1629 adjuvando
414 1592 542 1631 prosequere,
556 1586 577 1619 ιιι
591 1586 660 1620 cuncta
674 1586 741 1620 nostra
754 1583 815 1621 oratio
829 1587 849 1621 et
863 1584 951 1633 operatio
966 1596 976 1622 a
991 1582 1024 1623 Te

170 1670 265 1708 semper
282 1657 382 1706 incipiat
399 1663 422 1694 et
439 1668 481 1706 per
499 1654 534 1694 Te
551 1662 642 1705 coepta
660 1655 781 1695 liniaturn
812 1655 863 1706 Quid
878 1658 960 1708 amplius
974 1671 1024 1709 opus

170 1738 199 1771 est
220 1738 287 1771 contra
307 1731 360 1770 illum
374 1730 594 1781 Semipelagianismum,
616 1731 670 1780 cujus
689 1737 790 1771 accusatur
807 1730 899 1778 Ecclesia,
926 1740 945 1771 et
969 1734 1023 1781 cujus

169 1807 258 1847 articulus
277 1809 349 1857 primus
369 1806 399 1846 hic
416 1813 451 1852 est,
469 1818 548 1845 omnem
567 1811 641 1845 motum
658 1806 731 1845 bonum
746 1819 757 1845 a
770 1805 826 1846 nobis
839 1808 936 1858 incipere?
963 1806 1023 1847 Pluris

168 1882 250 1922 fortasse
264 1881 405 1921 aestimandum
415 1887 445 1920 est
454 1882 491 1920 lroc
501 1882 632 1920 testimonium
642 1883 764 1931 precationis
775 1894 833 1933 quam
844 1882 904 1921 multa
914 1883 1023 1922 testimonia

167 1958 282 2010 dogmatica.

219 2033 303 2073 Actione
317 2034 390 2083 gratiae
405 2038 469 2071 motus
483 2032 543 2071 horno
557 2031 618 2071 liber
632 2037 667 2079 est,
683 2045 748 2083 neque
763 2033 817 2071 reiut
837 2034 959 2072 inanimantia
976 2032 1020 2072 nihil

166 2111 210 2160 agit.
232 2108 288 2147 Haec
299 2109 396 2147 sententia
407 2108 447 2156 jam
463 2108 528 2154 exiis,
543 2119 594 2158 quae
608 2120 668 2156 supra
682 2108 788 2155 citavimus,
803 2108 875 2146 elucet:
892 2107 1020 2147 «Volenres

165 2191 230 2236 agunt,
253 2182 307 2235 quod
329 2189 407 2234 agunto
434 2183 538 2221 «habemns
560 2182 661 2221 liberum
682 2182 803 2221 arbitrium
824 2182 848 2221 ad
870 2183 943 2222 bonurn
963 2195 1019 2234 prae-

164 2266 257 2298 ventum»
277 2265 308 2298 etc
297 2271 324 2305 c;
348 2256 383 2296 ‹tad
405 2270 427 2297 se
447 2256 601 2297 convertendum
620 2259 694 2308 gratiae
715 2257 790 2297 libere
811 2257 934 2297 assentiendo
955 2256 1019 2309 dispo-

162 2341 218 2373 nunt
213 2347 253 2381 ιιι
259 2334 348 2373 «libere
357 2339 438 2372 morea
439 2347 461 2371 ur
470 2346 488 2371 ιιι
496 2331 580 2371 Deumn
599 2331 662 2372 Sicet
671 2332 724 2371 alibi:
741 2331 774 2371 «St
782 2345 824 2384 quis
835 2332 905 2372 diceri
898 2331 1019 2385 tlhominem

162 2412 180 2449 in
201 2422 253 2449 com
255 2408 336 2460 ersione]
361 2408 415 2447 velut
438 2410 521 2448 inanime
543 2407 643 2459 quoddam
663 2408 708 2447 nihil
732 2409 810 2448 omnino
833 2421 900 2459 agere,
924 2421 1018 2459 mereque

162 2486 240 2535 passiae
255 2497 275 2523 se
290 2484 399 2531 lmaberest
415 2482 457 2522 sal
486 2482 555 2522 «Fdes
569 2482 643 2523 donum
652 2482 734 2523 Deit
705 2491 759 2523 este
760 2489 813 2523 ac
813 2496 897 2533 useus
909 2483 1018 2535 quohorno

161 2561 259 2600 liberam
274 2566 361 2610 praestat
374 2560 412 2609 ipsi
425 2557 469 2598 Deo
484 2558 581 2598 obedient
569 2565 619 2598 tram
624 2557 647 2594 »⁶

214 2634 257 2674 Tali
277 2633 337 2673 modo
358 2636 476 2685 principatus
499 2640 519 2673 et
540 2634 600 2685 gloria
620 2636 693 2686 gratiae
715 2640 786 2682 manet,
807 2633 896 2672 libertate
912 2632 1016 2672 uoluntatis

161 2711 241 2749 hominis
256 2722 292 2750 nec
306 2712 406 2749 imminuta
421 2722 456 2749 nec
469 2709 550 2748 sublata.

149 2789 151 2795 ⁴
213 2784 248 2824 His
258 2787 357 2824 sententiis
367 2785 392 2824 de
402 2786 463 2835 gratia
471 2786 618 2835 praeveniente,
631 2790 761 2835 praeparante
771 2790 792 2823 et
801 2783 917 2833 disponente
927 2785 1015 2822 nimirum

160 2867 257 2911 repugnat
250 2860 358 2900 tdoctrina
372 2858 418 2898 Lut
423 2860 472 2899 lieri
491 2859 515 2898 de
532 2871 600 2898 «seruo
615 2859 664 2898 arbi
666 2860 712 2906 rio»
726 2858 834 2898 secundum
849 2859 965 2910 quam'ffra
958 2859 983 2897 ia
997 2860 1016 2897 in

160 2937 287 2975 contorsione
303 2935 341 2987 (vel
363 2947 459 2986 praepara
461 2934 520 2986 ione]
538 2935 619 2973 hominis
641 2946 695 2974 mere
715 2945 803 2985 cogens
825 2939 876 2985 agat,
897 2933 1014 2973 etlibertas

180 3054 186 3076 1
201 3055 241 3086 roro.
253 3055 290 3094 cap.
303 3062 316 3095 ς.

179 3107 187 3131 2
201 3108 241 3139 ibid.
253 3108 291 3148 Cap
303 3108 317 3139 6.

178 3161 186 3185 3
200 3162 318 3198 Bellarmin‚
330 3161 448 3201 Disputationes
460 3160 481 3192 de
492 3161 605 3192 controversiis
617 3163 647 3191 etc.
669 3160 693 3190 De
704 3158 757 3190 Gratia
770 3158 807 3197 Cap.
821 3166 844 3197 ιι,

178 3216 186 3239 4
201 3217 250 3247 Cone.
261 3215 304 3247 Trid.
315 3216 355 3247 Sess
367 3215 394 3245 Vl.
406 3215 443 3255 Cap.
455 3223 470 3256 ι.

179 3270 186 3293 ⁵
200 3270 241 3302 ibid.
253 3270 291 3302 Can.
303 3280 317 3310 4.

178 3324 185 3348 ὓ
200 3324 325 3357 Constitutiones
337 3323 404 3356 Concilii
414 3322 492 3357 Vaticani.
515 3323 552 3362 Cap.
565 3332 579 3364 3.
