2178 3556
477 229 497 263 K.
508 227 700 261 KROGH-TONNING.

503 424 610 477 Quaestio
624 425 670 466 Villi

522 529 555 565 De
565 528 653 572 merito,

376 605 428 656 qnod
443 612 473 645 est
487 605 567 645 effectus
582 605 654 656 gratiae
668 604 798 655 cooperantis.

216 722 231 752 1.
259 710 332 750 illrum
346 712 405 751 homo
416 710 480 763 possit
492 710 576 762 aliquid
587 711 664 750 mereri
677 723 690 749 a
703 708 750 749 Deo.

215 794 262 835 «Est
275 808 351 836 merces
365 798 421 848 operi
435 795 499 836 tuo.»l
528 795 580 835 «Sed
595 807 670 836 merces
684 794 753 835 dicitur
766 794 819 846 qnod
834 796 903 834 merito
921 793 1013 835 redditur.

159 867 214 921 Ergo
227 870 304 910 videtur
319 871 372 922 quod
386 871 446 911 homo
460 872 521 922 possit
535 884 545 910 a
559 870 603 911 Deo
618 869 721 911 merertst

215 944 338 985 «Meritum
358 952 381 985 et
401 958 494 986 merces
514 945 542 986 ad
563 945 625 986 idem
645 944 792 987 reseruntur.
824 943 845 985 ld
867 945 917 985 enirn
937 956 1013 984 merces

160 1019 234 1068 dicitur,
249 1020 302 1071 quod
317 1020 371 1060 alicui
385 1027 546 1073 recompensatur
559 1035 596 1072 pro
610 1021 735 1061 retributione
749 1021 813 1072 operis
823 1020 854 1060 vel
867 1019 943 1068 laboris,
958 1020 1013 1071 quasi

159 1093 259 1145 quoddam
279 1097 365 1146 pretium
385 1097 450 1146 ipsius,
485 1094 542 1136 Unde
563 1098 612 1136 sicut
632 1095 715 1136 reddere
736 1096 809 1146 justum
830 1097 914 1147 pretinm
934 1107 971 1145 pro
992 1107 1013 1133 rc

160 1175 241 1220 accepta
256 1170 279 1209 ab
294 1170 359 1222 aliquo
374 1177 403 1210 est
419 1177 473 1211 actus
493 1173 583 1222 justitiae,
605 1173 630 1211 ita
652 1172 709 1211 etiam
731 1183 880 1222 recompensare
900 1169 1013 1210 mercedem

159 1247 224 1295 operis
237 1245 268 1285 vel
283 1245 359 1294 laboris,
375 1252 404 1286 est
419 1253 472 1286 actus
485 1248 588 1297 justitiae.»

215 1319 270 1360 «Non
286 1327 354 1371 potest
370 1322 452 1361 hominis
469 1321 493 1361 ad
508 1321 574 1361 Deum
592 1335 635 1362 esse
654 1324 728 1372 justitia
748 1321 854 1361 secundum
875 1320 1014 1360 absolutam

159 1395 343 1447 aequalitatem,
362 1396 397 1436 sed
411 1396 519 1437 secundum
533 1400 718 1448 proportionem
735 1396 873 1449 quamdam,
887 1397 905 1435 in
920 1401 1013 1447 quantum

159 1471 232 1510 scilicet
246 1477 330 1523 uterque
345 1478 438 1522 operatur
452 1472 559 1512 secundnm
573 1472 654 1512 modum
667 1485 730 1512 suum.
757 1471 827 1512 Modus
844 1478 909 1511 autem
928 1477 947 1509 et
961 1483 1015 1510 men-

159 1558 203 1585 snra
221 1546 317 1586 humanae
335 1548 409 1587 virtutis
427 1547 500 1587 homini
518 1554 547 1588 est
561 1561 572 1587 a
586 1547 636 1587 Deo.
663 1547 690 1587 Et
704 1547 748 1587 ideo
762 1549 851 1586 meritum
866 1547 947 1586 hominis
960 1544 1014 1596 apud

159 1620 225 1661 Deum
243 1633 287 1661 esse
309 1635 347 1661 non
368 1628 435 1673 potest
455 1624 490 1661 nisi
509 1622 617 1662 secundum
637 1623 896 1674 praesuppositionem
918 1621 1014 1660 divinae

159 1696 330 1745 ordinationis7
346 1699 372 1737 ita
386 1697 458 1737 scilicet
471 1703 493 1736 ut
506 1696 528 1736 id
544 1698 602 1737 homo
617 1695 822 1749 consequaturaDeo
836 1709 873 1747 per
882 1709 936 1736 suam
945 1708 1015 1747 opera-

159 1772 240 1819 tionem,
262 1774 318 1823 quasi
338 1771 459 1820 mercedem,
481 1772 508 1811 ad
530 1772 594 1824 quod
617 1772 684 1812 Deus
708 1774 730 1812 ei
752 1774 870 1811 virtutem
893 1770 1014 1821 operandi

159 1846 325 1897 deputavit.»3

215 1921 296 1970 uHomo,
312 1923 331 1961 in
345 1929 438 1973 quantum
454 1925 532 1974 propria
546 1923 646 1963 uoluntate
661 1922 706 1963 lacit
719 1921 765 1962 illud
776 1921 829 1974 qnod
840 1921 905 1970 debet,
919 1929 1013 1970 meretur3

158 1997 244 2049 alioquin
258 2003 311 2037 actus
325 1999 415 2047 justitiae,
430 2011 470 2049 quo
485 2000 528 2050 quis
541 1997 606 2054 reddit
620 1997 713 2046 debitum,
729 2011 768 2037 non
782 2004 835 2038 esset
848 1998 973 2038 meritorius.»

213 2072 278 2112 «Deus
300 2085 327 2111 ex
347 2073 402 2112 bonis
422 2075 491 2112 nostris
512 2086 551 2113 non
569 2075 645 2125 quaerit
663 2073 771 2120 utilitatem,
789 2072 823 2112 sed
844 2073 929 2124 gloriam,
944 2071 963 2111 id
978 2078 1013 2120 est,

157 2146 333 2187 manifestationem
348 2160 394 2187 suae
408 2148 506 2195 bonitatis3
526 2147 579 2199 quod
598 2150 655 2187 etiarn
670 2160 697 2187 ex
710 2150 749 2187 suis
763 2148 854 2199 operibus
872 2149 953 2199 quaerit.
981 2146 1014 2187 Ex

157 2222 196 2261 hoc
210 2228 275 2261 autem
290 2222 344 2273 quod
360 2235 404 2261 eum
419 2223 505 2270 colimus,
519 2223 564 2262 nihil
579 2226 597 2262 ei
611 2225 709 2271 accrescit,
723 2222 759 2262 sed
774 2223 837 2271 nobis;
856 2229 876 2262 et
892 2222 936 2262 ideo
952 2235 1014 2262 mere-

157 2310 201 2335 mur
215 2297 287 2348 aliquid
302 2310 313 2336 a
327 2296 377 2345 Deo,
393 2310 431 2337 non
445 2300 499 2349 quasi
513 2311 540 2338 ex
553 2300 622 2338 nostris
637 2298 728 2349 operibus
743 2297 814 2349 aliquid
829 2299 847 2338 ei
861 2304 963 2345 accrescat,
979 2297 1014 2338 sed

156 2374 176 2411 in
191 2378 285 2423 quantum
300 2378 383 2423 propter
396 2373 436 2422 ejus
452 2373 533 2424 gloriam
547 2373 683 2424 operamuro4

178 2492 180 2495 .
213 2447 274 2496 uQuia
289 2450 338 2487 actio
353 2455 417 2487 nostra
432 2448 543 2488 nonhabet
557 2451 651 2488 rationem
666 2450 729 2489 meriti
743 2450 816 2488 nisiex
829 2448 1012 2499 praesuppositione

157 2522 234 2562 divinae
249 2522 378 2571 ordinationis,
394 2536 432 2563 non
446 2526 533 2575 sequitur
547 2523 602 2575 quod
615 2523 670 2564 Deus
685 2523 778 2564 efficiatur
792 2523 905 2574 simpliciter
921 2521 1014 2562 debitor

156 2598 218 2645 nobis,
239 2597 275 2637 sed
296 2599 343 2637 sibi
364 2600 420 2650 ipsi,
442 2601 461 2638 in
483 2605 577 2651 quantum
598 2599 705 2639 debitum
726 2604 762 2638 est
783 2604 807 2637 ut
827 2611 868 2637 sua
889 2597 1013 2637 ordinatio

156 2671 319 2723 impleaturn⁵

211 2791 228 2820 2.
257 2779 329 2820 Utrum
344 2780 421 2833 aliquis
434 2782 478 2820 sine
488 2781 562 2832 gratia
572 2780 640 2832 possit
652 2780 728 2820 mereri
741 2781 806 2820 vitam
820 2777 945 2820 aeternam.⁶

209 2856 318 2907 Apostolus
333 2855 387 2896 dicit:
404 2856 481 2896 «Gratia
494 2855 532 2895 Dei
545 2857 585 2895 vita
599 2855 709 2897 aeterna.»l

178 2962 184 2984 ¹
199 2963 255 3002 Jerem.
268 2973 293 3003 31,
306 2964 330 2996 16.

178 3015 185 3038 2
200 3016 274 3047 Summae
285 3017 332 3047 Tom.
342 3016 360 3049 ll
372 3017 403 3055 Qu,
415 3016 471 3048 CXIV.
483 3017 519 3048 Art.
531 3025 544 3047 1.

177 3068 185 3091 ³
200 3069 240 3101 ibid,

177 3121 185 3144 4
201 3122 240 3155 ibid,

177 3174 185 3197 ⁵
200 3175 240 3207 ibid.

176 3227 184 3250 θ
200 3227 231 3258 Cir.
243 3227 275 3266 Qu.
288 3235 321 3268 109.
333 3228 368 3261 Art,
381 3236 395 3268 5.

177 3279 184 3303 ⁷
199 3281 245 3312 Rom,
257 3280 272 3318 6,
284 3289 309 3320 ²3·
