2178 3556
179 125 192 167 6
498 136 518 171 K.
529 134 721 168 moon-nonumo.
926 121 952 165 H.
968 122 987 163 F.
1002 120 1034 162 Kl.

180 192 402 201 -—-.--———

179 255 325 306 dissiparentur,
347 254 401 307 quod
420 262 440 295 et
457 262 514 295 antea
528 267 594 305 saepe,
616 259 637 293 et
650 252 725 305 liquido
739 266 802 304 nuper
815 255 834 292 in
851 254 908 292 sacris
926 249 1035 291 Tridentini

179 330 255 370 concilii
270 330 352 370 decretis
368 332 464 382 apparuit,
482 329 570 380 ejusdem
585 330 705 378 memoriam,
721 330 775 379 cujus
789 330 861 368 meritis
875 328 926 367 orbis
941 332 1034 366 terrarum

179 419 190 445 a
204 405 303 457 pestiferis
317 405 405 458 quotidie
420 407 515 446 erroribus
528 405 625 453 liberatur,
644 405 718 455 majore
735 405 793 443 etiam
807 416 866 455 quam
881 408 938 441 antea
952 403 1001 454 grati
1015 408 1035 441 et

179 482 206 531 pii
221 483 278 520 animi
293 480 364 522 affectu
378 481 481 521 colendam
496 482 614 520 statuimusi

231 555 273 596 Sed
289 556 349 595 multo
363 557 440 595 uberius
461 555 515 606 Papa
529 554 579 594 Leo
593 553 649 594 Xlll
663 556 682 593 in
697 554 795 604 encyclica
816 552 861 592 data
880 551 955 591 Romae
973 550 1004 591 die
1021 561 1034 601 4

178 630 264 682 Augusti
278 633 322 670 anni
342 631 392 683 1879
408 630 472 670 verbis
493 629 629 681 eloquentibus
651 630 785 668 auctoritatem
806 629 924 668 eminentem
945 626 1034 678 Angelici

178 703 271 745 Doctoris
286 706 359 745 evexit.

232 779 265 820 Sic
279 780 365 832 loquitur
378 793 460 832 magnus
474 780 506 820 ille
520 786 597 820 nostrae
611 779 679 818 aetatis
694 777 794 818 Pontifex:

233 871 271 890 α-
286 879 309 884 -
324 879 350 884 -
363 855 454 904 Jamvero
469 857 518 895 inter
535 854 666 904 Scholasticos
681 852 783 901 Doctores,
798 854 905 893 omnium
919 854 1033 903 princeps

177 936 202 969 et
216 932 341 982 magister,
357 930 416 981 longe
431 931 503 970 eminet
516 929 620 969 Thomas
636 929 754 981 Aquinas,
773 930 811 980 qui,
833 930 860 968 uti
874 928 978 968 Caietanus
996 928 1034 966 ani-

177 1003 290 1053 madvertit,
306 1011 384 1045 veteres
403 1004 493 1044 doctores
507 1017 572 1045 sacros
592 1006 637 1056 quia
656 1017 732 1044 summe
749 1010 853 1043 veneratus
870 1011 905 1051 est,
920 1002 965 1042 ideo
979 1001 1034 1041 intel·

177 1079 249 1119 lectum
260 1080 346 1119 omnium
357 1079 504 1131 quodammodo
514 1082 591 1119 sortitus
602 1085 636 1119 est.
647 1078 759 1119 -Illorum
770 1078 871 1126 doctrinas
882 1078 936 1117 velut
946 1077 1034 1129 dispersa

177 1154 280 1205 cujusdam
299 1155 385 1205 corporis
407 1154 500 1202 membra,
521 1156 540 1193 in
561 1167 620 1193 unum
634 1154 722 1195 Thomas
742 1154 821 1205 collegit
842 1161 862 1193 et
882 1154 1033 1205 coagmentavit,

177 1230 226 1268 miro
240 1228 308 1269 ordine
322 1228 408 1280 digessit,
424 1235 443 1268 et
460 1232 535 1281 magnis
556 1231 680 1269 incrementis
701 1231 727 1269 ita
748 1229 833 1276 adauxit,
855 1236 875 1268 ut
896 1228 1032 1268 catholicae

176 1303 304 1344 Ecclesiae
319 1304 448 1356 singulare
462 1304 610 1355 praesidium
625 1311 650 1344 et
664 1304 739 1345 decus
751 1306 795 1354 jure
809 1306 918 1355 meritoque
933 1304 1032 1344 habeatur.

231 1378 265 1418 llle
286 1378 366 1430 quidem
387 1380 464 1430 ingenio
479 1379 545 1419 docilis
560 1387 580 1418 et
594 1391 644 1427 acer,
665 1381 757 1419 memoria
779 1378 837 1418 facilis
858 1384 877 1418 et
897 1385 963 1426 tenax,
981 1379 1032 1417 vitae

177 1455 318 1505 integerrimus,
333 1454 419 1492 veritatis
433 1454 488 1493 unice
507 1460 587 1501 amator,
606 1453 671 1493 divina
685 1454 808 1504 humanaque
822 1455 901 1493 scientia
921 1452 1031 1504 praedives,

177 1527 232 1568 Soli
250 1533 416 1579 comparatus,
431 1529 498 1567 orbem
516 1535 608 1568 terrarum
630 1529 695 1568 calore
709 1531 800 1568 virtutum
822 1528 875 1576 fovit,
893 1535 914 1568 et
933 1527 1032 1568 doctrinae

177 1602 285 1654 splendore
312 1603 425 1654 complevit.
452 1626 1032 1634 ---------------

229 1752 271 1792 Has
285 1753 310 1792 ob
324 1766 407 1801 caussas,
423 1753 528 1793 doctissimi
543 1754 636 1800 homines,
651 1754 781 1804 superioribus
798 1755 912 1804 praesertim
929 1754 1030 1802 aetatibus

176 1828 287 1880 theologiae
301 1835 321 1868 et
334 1828 471 1879 philosophiae
485 1828 542 1868 laude
556 1830 716 1879 praestantissimi,
731 1831 842 1880 conquisitis
852 1828 956 1868 incredibili
967 1828 1031 1867 studio

176 1903 267 1944 Thomae
281 1904 410 1943 voluminibus
424 1904 570 1952 immortalibus,
585 1904 685 1955 angelicae
700 1906 806 1955 sapientiae
821 1906 862 1954 ejus
876 1916 920 1943 sese
934 1916 973 1942 non
991 1911 1030 1942 tam

175 1979 302 2027 excolendos,
318 1992 377 2030 quam
392 1981 469 2029 penitus
483 1978 615 2018 innutriendos
629 1978 755 2017 tradiderunt.

228 2053 304 2093 Omnes
325 2067 389 2105 prope
410 2054 520 2093 conditores
540 2060 560 2093 et
577 2053 669 2104 legiferos
688 2052 783 2092 Ordinum
801 2054 934 2104 religiosorum
950 2055 1030 2103 jussisse

175 2135 252 2168 constat
266 2128 342 2168 sodales
357 2142 408 2177 suos,
424 2128 514 2169 doctrinis
529 2128 550 2168 S.
565 2128 655 2168 Thomae
676 2128 755 2167 studere
776 2135 796 2167 et
816 2128 921 2180 religiosius
942 2129 1029 2176 haerere,

174 2210 251 2251 cauto,
267 2217 293 2243 ne
308 2206 344 2243 cui
366 2217 445 2243 eorum
466 2207 561 2255 impune
582 2204 683 2243 liceata
704 2205 822 2254 vestigiis
843 2206 903 2243 tanti
924 2205 969 2243 viri
989 2203 1028 2242 vel

173 2281 296 2318 minimum
311 2278 446 2318 discedere.
476 2278 503 2317 Ut
516 2278 706 2318 Dominicianam
721 2277 811 2317 familiam
821 2285 967 2329 praetereamus,
978 2291 1029 2329 quae

172 2367 249 2393 summo
264 2355 301 2393 hoc
315 2356 408 2405 magistro
420 2356 463 2404 jure
478 2353 565 2406 quodam
579 2367 614 2393 suo
628 2354 726 2405 gloriatur,
741 2367 764 2393 ea
778 2354 823 2405 lege
837 2356 898 2393 teneri
912 2353 1028 2394 Benedic-

172 2431 243 2477 tinos,
259 2429 406 2477 Carmelitas,
417 2430 616 2481 Augustinianos,
626 2428 777 2469 Societatem
791 2429 852 2477 Jesu,
863 2429 950 2481 aliosque
962 2441 1028 2469 sacros

172 2504 249 2544 ordines
265 2505 381 2555 complures,
396 2511 468 2544 statuta
482 2504 601 2556 singulorum
615 2510 716 2545 testantur.

223 2579 293 2631 Atque
314 2581 352 2620 hoc
369 2580 413 2619 loco
431 2593 501 2631 magna
518 2592 562 2619 cum
580 2580 683 2630 voluptate
700 2580 791 2630 provolat
808 2582 881 2618 animus
903 2580 927 2619 ad
942 2580 1028 2620 celeber-

170 2656 227 2693 rimas
242 2654 289 2703 illas,
304 2668 355 2706 quae
369 2655 415 2694 olim
429 2657 447 2694 in
461 2653 541 2705 Europa
555 2653 662 2694 floruerunt
682 2654 799 2694 Academias
821 2661 841 2694 et
858 2654 945 2703 Scholas,
967 2655 1027 2695 Pari·

170 2731 364 2781 siensemnempe,
378 2729 559 2777 Salmantinam‚
575 2729 785 2780 Complutensem‚
801 2730 1026 2778 Duacenam‚Tolo-

170 2816 258 2853 sanam,
272 2804 457 2852 Lovaniensem,
469 2804 615 2852 Patavinam,
629 2804 815 2855 Bononiensem,
830 2804 1025 2857 Neapolitanam,

170 2878 395 2919 Conimbricensem
416 2880 502 2931 aliasque
522 2878 635 2930 permultas.
667 2878 760 2928 Quarum
780 2879 932 2920 Academiarum
953 2893 1026 2920 nomen

169 2959 234 2993 aetate
255 2953 402 3004 quodammodo
424 2956 513 3001 crevisse,
535 2959 652 3005 rogatasque
674 2956 784 3002 sententias,
803 2968 863 3005 quum
877 2957 966 3006 graviora
980 2968 1026 3007 age·

168 3033 235 3067 rentur
249 3031 333 3080 negotia,
348 3030 453 3080 plurimum
466 3032 486 3068 in
500 3041 567 3068 omnes
582 3035 648 3079 partes
663 3029 752 3078 valuisse,
762 3042 821 3069 nemo
830 3031 911 3081 ignorat.
933 3029 1024 3078 Jamvero

168 3109 292 3154 compertum
306 3110 341 3151 est,
360 3106 379 3143 in
396 3106 470 3156 magnis
489 3104 523 3143 illis
541 3103 638 3142 humanae
655 3105 762 3154 sapientiae
781 3103 886 3152 domiciliis,
902 3110 1024 3157 tamquam

167 3179 192 3218 in
206 3190 248 3217 suo
263 3191 337 3230 regno
351 3178 466 3220 Thornam
487 3177 630 3220 consedisse
645 3180 795 3232 principem;
812 3184 872 3234 atque
891 3181 978 3221 omnium
991 3180 1024 3223 vel
