2178 3556
77 187 133 244 1898.
148 184 185 230 No.
201 199 218 228 a.
265 199 294 231 on
305 200 388 232 annun
400 199 484 232 cnmsrr
494 199 522 231 nr
534 198 562 231 on
573 199 650 231 crunno
662 200 767 234 aninmo.
908 201 931 243 51

75 318 130 370 quod
144 317 233 356 voluntas
246 316 328 356 hominis
341 318 368 356 sic
380 319 498 366 immutetur,
513 324 534 357 ut
548 325 709 358 convertatur
723 318 751 358 ad
766 318 874 359 Deum.»1
896 319 930 360 Et:

77 392 173 432 «Primum
186 392 305 443 principium
319 396 349 431 est
362 390 407 431 Dei
424 393 537 442 operatio
554 393 720 432 convertentis
734 392 807 433 cor.u2

127 466 191 506 Motus
205 472 277 513 autern,
295 467 328 518 qui
346 465 367 504 fit
380 478 417 516 per
431 467 586 514 conversionem,
601 472 622 506 et
638 480 675 517 per
691 479 751 517 quem
768 468 830 506 anima
848 467 883 508 dis
889 483 931 520 po-

75 544 140 582 nitur
159 541 183 581 ad
205 543 286 593 gratiam
306 540 444 591 justificantem
466 546 507 580 «est
527 540 657 591 duplexnsl
677 541 749 581 scilicet
767 541 815 582 fides
832 549 851 582 et
865 547 931 594 poeni-

75 616 154 664 tentia*
174 629 255 668 nempe:
275 616 293 669 a)
307 622 371 656 motus
392 615 447 655 liberi
463 616 535 656 arbitrii
555 617 579 655 in
596 615 681 663 Deum,
702 617 735 668 qui
754 623 783 655 est
797 623 850 657 actus
871 619 931 659 fidei

75 690 201 739 formatae,
216 699 237 731 et
250 692 270 745 b)
283 698 347 731 motus
361 691 415 732 liberi
425 692 495 731 arbitrii
509 692 530 730 in
545 697 685 741 peccatum,
701 693 734 743 qui
744 697 774 730 est
783 698 836 731 actus
850 695 932 744 poeni-

75 765 190 806 tentiae.5

127 852 146 905 a)
158 852 235 892 Actus
253 851 312 892 fidei
329 865 344 893 s.
358 851 413 892 liberi
428 852 499 891 arbitrii
512 857 577 891 motus
592 853 611 891 in
624 850 696 891 Deum.

127 936 158 977 De
179 944 222 978 actu
244 936 289 978 fidei
310 939 328 977 in
349 939 476 977 conversione
497 936 543 977 dicit
564 937 680 988 generaliter
698 936 718 977 S.
738 937 834 978 Thomas:
858 939 931 979 «Prima

74 1015 175 1053 conversio
195 1015 214 1052 in
228 1013 293 1052 Deum
314 1012 335 1052 fit
356 1026 399 1063 per
420 1011 500 1052 fidem.
527 1010 554 1051 Et
574 1011 619 1052 ideo
640 1019 704 1052 motus
723 1011 768 1053 fidei
785 1014 888 1066 requiritur
906 1014 930 1053 ad

72 1088 229 1137 justificationem
243 1088 329 1139 impii.»l
358 1087 390 1127 «In
402 1087 540 1136 justificatione
553 1089 607 1139 impii
626 1090 762 1139 requiritur
783 1095 849 1128 actus
871 1089 931 1129 fidei

74 1170 168 1215 quantum
186 1162 210 1203 ad
233 1152 345 1215 hoc'quod
366 1163 435 1202 homo
456 1162 541 1203 credat
562 1162 640 1203 Deum
661 1176 713 1203 esse
732 1164 930 1214 justificatorem

73 1238 196 1278 hominum
211 1251 253 1289 per
266 1240 411 1289 mysterium
426 1237 550 1278 Christi.»q
577 1238 670 1279 Omnino:
688 1238 746 1279 «Sine
758 1238 798 1279 fide
811 1240 930 1290 impossihile

73 1319 103 1352 est
123 1313 202 1364 placere
215 1312 294 1354 Deo».8
321 1313 377 1353 Fides
399 1327 446 1365 ergo
460 1317 479 1353 in
492 1313 591 1353 Christum
604 1316 646 1354 sive
664 1316 683 1353 in
699 1316 826 1366 «mysterium
840 1314 930 1363 christu,

72 1387 128 1436 fides,
150 1402 188 1440 qua
209 1389 294 1428 creditur
307 1388 371 1428 Deum
391 1389 497 1439 justificare
514 1391 596 1439 impium
614 1402 650 1440 per
663 1389 761 1429 Christum
780 1390 811 1429 vel
829 1402 866 1439 per
880 1402 930 1440 opus

73 1464 114 1512 ejus
129 1470 159 1502 est
172 1464 280 1503 secundum
294 1463 315 1503 S.
329 1463 428 1504 Thomam
442 1466 551 1504 necessaria
565 1463 656 1512 conditio,
675 1465 715 1503 sine
730 1477 769 1516 qua
787 1472 880 1515 peccator
895 1477 931 1504 nec

72 1541 160 1579 converti
174 1551 210 1579 nec
221 1539 322 1588 justificari
335 1542 403 1590 possit¹

125 1613 239 1654 Secundum
252 1614 273 1654 S.
287 1614 386 1655 Thomam
401 1614 450 1654 fides
471 1614 578 1654 formaliter
599 1614 679 1667 quidem
701 1621 731 1653 est
750 1616 769 1653 in
790 1614 929 1654 intellectu:

74 1688 152 1740 «ipsum
166 1688 247 1729 credere
261 1696 291 1730 est
305 1697 358 1730 actus
372 1690 502 1739 intellectus»⁷
515 1689 551 1730 sed
565 1690 674 1730 intellectus
691 1691 864 1729 «assentientis
882 1691 930 1729 veri-

72 1766 106 1804 tati
121 1764 196 1804 divinae
213 1772 245 1804 ex
266 1767 368 1816 imperio
390 1766 525 1805 voluntatis
542 1765 611 1805 aDeo
626 1771 691 1804 motae
705 1777 742 1815 per
755 1766 846 1815 gratiam3
869 1770 889 1804 et
903 1766 930 1804 sic

71 1840 159 1890 subjacet
177 1840 238 1879 libero
255 1840 332 1880 arbitrio
349 1842 367 1879 in
385 1840 453 1880 ordine
474 1840 498 1879 ad
513 1840 597 1880 Deum».
626 1841 688 1880 Actus
709 1839 755 1879 fidei
770 1848 799 1879 est
813 1852 860 1891 ergo
875 1845 929 1879 actus

71 1915 185 1963 intellectus,
201 1915 286 1967 alioquin
299 1915 348 1955 fides
362 1922 438 1956 careret
453 1917 505 1955 ornni
518 1917 592 1955 ratione
607 1914 714 1961 sufficienti,
733 1927 792 1954 caeca
810 1921 871 1962 esset3
894 1915 928 1954 serl

71 1990 113 2029 talis
128 1996 181 2029 actus
196 1997 225 2029 est
239 1990 353 2038 intellectus,
368 2003 409 2042 quo
423 1991 483 2030 homo
498 1993 618 2030 assentiat
633 1991 708 2029 veritati
721 2002 760 2029 «ex
768 1991 849 2040 imperio
859 1989 928 2029 volun-

71 2067 135 2112 tatis»,
150 2066 234 2117 alioquin
249 2064 297 2104 fides
312 2072 386 2105 careret
401 2068 453 2104 omni
471 2067 544 2105 ratione
564 2066 637 2105 morali.
670 2064 753 2116 Saepius
767 2064 788 2105 S.
803 2064 878 2104 Doctor
892 2065 929 2103 hoc

70 2148 176 2179 asseverat.
203 2140 261 2180 Fides
278 2140 363 2179 salvifica
380 2154 419 2180 non
437 2141 549 2191 simpliciter
566 2148 596 2180 est
610 2154 704 2192 organum
716 2139 822 2190 recipiendi
835 2142 877 2179 sine
891 2139 929 2179 ulla

70 2217 145 2254 ratione
158 2216 232 2263 morali,
246 2215 281 2255 sed
296 2216 356 2255 habet
369 2218 465 2256 rationem
479 2216 601 2255 moralem.

124 2289 171 2330 Sine
190 2290 227 2329 hac
249 2290 409 2330 determinatione
431 2291 504 2339 morali,
521 2291 567 2330 licet
583 2291 656 2330 habeat
675 2290 828 2341 «perlectionem
842 2290 928 2330 debitam

70 2377 97 2404 ex
111 2371 167 2417 parte
181 2366 309 2413 intellectusu,
324 2365 371 2405 fides
387 2372 440 2406 caret
456 2365 590 2417 «perfectione
604 2365 669 2405 debita
687 2378 714 2405 ex
729 2371 786 2416 parte
804 2365 927 2407 voluntatis«.

70 2438 127 2479 Haec
136 2439 189 2489 fides,
206 2454 257 2492 quae
271 2440 380 2480 informis
395 2440 536 2489 denominatur,
554 2454 603 2480 «non
618 2449 649 2480 est
662 2442 741 2487 virtus»,
756 2453 801 2479 non
815 2439 928 2480 salvifica

70 2527 85 2552 s.
98 2514 213 2564 justificans:
230 2515 389 2555 «fundamentum
404 2529 447 2555 esse
462 2529 501 2555 non
514 2513 615 2567 potestu.9

124 2588 251 2630 Econtrario
265 2590 314 2630 fides
333 2590 438 2631 formata
456 2590 562 2641 justificans
578 2597 598 2630 et
612 2590 696 2629 salvifica
714 2596 750 2636 est,
769 2590 829 2629 «fides
844 2603 928 2641 operans

70 2676 108 2714 per
120 2667 239 2706 caritatem».
267 2665 323 2706 Haec
337 2672 366 2705 est
381 2666 445 2705 fides
460 2667 521 2714 viva,
537 2678 588 2716 quae
603 2664 685 2704 formata
700 2664 769 2704 dicitur
782 2665 855 2705 scilicet
870 2667 928 2705 cari-

93 2825 98 2846 1
113 2827 130 2858 P.
142 2836 167 2866 uo,

92 2878 99 2900 2
113 2880 130 2913 Ρ,
142 2889 167 2919 41.

91 2931 98 2953 ³
113 2933 128 2966 P.
141 2942 166 2973 40.
