2178 3556
502 227 521 259 rr.
534 225 725 259 anona-counitio,
939 215 994 256 H.-F.
1009 215 1041 257 Kl.

237 341 393 383 Fundamentum
408 346 527 384 meritorium
541 347 599 385 totius
611 345 752 395 justificationis
767 348 808 386 sive
822 345 847 392 id,
869 351 970 397 propter
987 345 1041 397 quod

183 415 239 456 Deus
251 418 344 467 justificat
358 421 445 471 impium,
460 427 490 460 est
505 420 614 461 Christus
629 423 648 461 in
662 435 723 472 opere
737 434 772 461 suo
786 420 919 462 satisfactorie.

236 504 302 544 lllultis
323 506 386 545 modis
405 506 426 546 S,
439 506 527 547 Thomas
547 508 584 547 hoc
605 509 703 559 exprimit.
731 507 836 557 Objectum
857 506 903 547 fidei
921 506 1041 557 justificantis

183 580 301 630 generaliter
322 581 411 633 designat
432 582 506 622 dicens:
530 582 562 622 «ln
580 582 717 632 justificatione
735 584 788 634 impii
807 584 910 633 requiritur
928 588 981 621 actus
995 581 1041 622 fidei

183 661 279 706 quantum
294 656 318 696 ad
338 657 375 697 hoc
393 657 446 709 quod
465 658 523 696 homo
544 657 611 697 credat
625 656 690 697 Deum
711 670 754 696 esse
773 656 920 707 justificatorem
941 657 1040 696 hominum

183 743 227 781 per
242 733 387 782 mysterium
402 732 527 771 Christi»l
553 732 598 770 nuo
613 731 666 771 loco:
684 731 815 771 «Poenitentia
829 738 859 771 est
873 744 918 771 cum
932 731 971 772 tide
988 745 1040 783 pas-

182 807 260 845 sionis
275 806 374 854 Christi,
397 820 508 858 perquam
524 806 651 856 justificamur
665 820 676 846 a
691 806 808 857 peccatisn2
837 806 915 846 «Passio
929 807 998 847 Christi
1015 806 1040 847 de

182 893 204 919 se
219 880 347 920 sussiciens
361 887 396 920 est
411 881 438 920 ad
453 881 588 921 tollendum
603 895 694 921 omnem
709 889 801 921 reatum
816 895 911 932 poenae
926 895 964 921 non
976 882 1039 922 solum

183 962 280 1004 aeternae,
295 955 329 995 sed
340 957 398 995 etiam
409 957 531 1007 temporalis,
547 965 566 997 et
575 956 683 996 secundum
693 956 773 996 modum
784 970 824 1009 quo
837 957 897 997 homo
913 958 1040 1008 participat

183 1032 301 1070 uirtutem
322 1033 446 1081 passionis
467 1031 567 1081 Christi,
592 1034 704 1084 percipit
727 1034 801 1072 etiam
823 1033 1007 1072 absolutionem
1028 1047 1039 1072 a

182 1111 251 1144 reatu
266 1107 392 1156 poenae.»3
415 1107 523 1148 «Remissio
538 1108 607 1160 culpae
622 1123 661 1149 non
676 1116 705 1149 est
719 1110 753 1148 nisi
768 1121 798 1148 ex
812 1110 904 1148 virtute
919 1109 1038 1158 passionis

182 1179 273 1220 Christi
338 1195 389 1233 quae
411 1185 490 1233 proprie
511 1190 542 1223 est
556 1197 619 1233 causa,
641 1186 692 1224 sine
713 1198 759 1236 qua
780 1197 834 1224 esse
856 1197 901 1223 non
922 1183 1039 1234 potestat

183 1255 227 1294 «Ad
249 1258 359 1306 passionem
374 1257 445 1296 Christi
465 1258 564 1298 ordinatur
581 1266 635 1298 actus
654 1261 785 1310 poenitentiae
802 1261 876 1299 virtutis
895 1266 915 1299 et
929 1258 1037 1310 perfidem

181 1338 201 1370 et
215 1344 251 1381 per
265 1331 353 1371 ordinem
368 1332 392 1371 ad
407 1332 472 1372 claves
487 1332 596 1383 Ecclesiae;
619 1341 638 1374 et
653 1334 697 1374 ideo
712 1341 796 1386 utroque
814 1335 873 1374 modo
895 1342 981 1374 causat
1002 1348 1038 1375 re-

180 1408 319 1446 missionem
340 1408 427 1458 culpae
448 1410 540 1448 virtute
561 1412 685 1460 passionis
706 1410 827 1450 Christi.›15
853 1409 880 1449 Et
899 1423 961 1449 rursus
979 1424 1038 1461 gene-

180 1482 246 1521 raliter
259 1495 296 1532 per
310 1483 370 1522 uerba
381 1482 401 1522 S.
416 1483 556 1535 Augustini:
573 1485 618 1524 «llla
633 1484 682 1524 fides
696 1498 743 1524 sana
758 1492 787 1525 est
802 1498 841 1537 qna
855 1485 950 1525 credimus
964 1486 1037 1524 nullum

180 1557 285 1605 hominem,
303 1560 344 1597 sive
363 1560 446 1608 majoris,
464 1561 505 1598 sive
522 1573 596 1610 parvae
614 1562 689 1607 aetatis
707 1560 783 1599 liberari
797 1574 808 1599 a
822 1563 912 1612 contagio
931 1563 1003 1609 mortis,
1018 1567 1038 1600 et

180 1632 298 1683 obligatione
316 1636 398 1684 peccati,
418 1636 452 1673 nisi
472 1647 509 1684 per
529 1648 601 1674 unum
623 1635 783 1675 mediatorem
804 1635 848 1675 Dei
870 1643 894 1676 et
915 1637 1037 1676 hominum

178 1707 259 1756 lesum
273 1708 426 1748 Christum.»6

543 1889 675 1926 Consensus

383 1967 567 2007 ecclesiasticus
588 1967 618 2007 de
637 1966 832 2017 justificatione.

230 2073 340 2113 Concordia
361 2075 418 2124 hujus
439 2075 538 2114 doctrinae
552 2074 573 2114 S.
588 2075 679 2114 Thomae
700 2074 725 2114 de
744 2074 882 2124 justificatione
903 2087 946 2114 cum
967 2081 1036 2115 uetere

177 2148 265 2188 doctrina
280 2149 409 2189 ecclesiastiea
424 2163 474 2189 nunc
489 2149 640 2189 demonstranda
655 2156 690 2189 est.
718 2150 749 2189 De
764 2151 801 2189 hac
815 2150 919 2190 concordia
928 2153 1035 2190 sententiae

177 2230 278 2263 auctorum
299 2227 344 2263 satis
366 2231 460 2264 constant.
490 2225 636 2276 Cognoscemus
656 2224 792 2264 doctrinaan
813 2224 903 2264 Thomae
922 2227 975 2276 quasi
995 2239 1035 2265 ex-

177 2299 335 2350 plicationem
357 2312 400 2339 esse
419 2300 518 2339 doctrinae
536 2300 667 2340 ecclesiastice
686 2300 776 2340 delinitae
795 2300 954 2351 praecedentium
968 2314 1035 2341 saecu-

176 2374 244 2413 lorum.
277 2375 338 2425 Apud
360 2388 395 2414 nos
417 2382 482 2414 autem
504 2389 542 2415 non
562 2389 605 2415 raro
627 2375 770 2415 contenderunt
791 2378 825 2414 viri
847 2376 905 2423 docti,
927 2375 1035 2415 doctrinam

176 2450 326 2489 ecclesiasticam
350 2453 506 2502 sequentium
529 2452 650 2491 saeculorum
672 2452 732 2503 [ante-
753 2457 773 2490 et
796 2456 848 2501 post·
869 2450 1035 2504 Tridentinoruml

177 2527 232 2576 quasi
247 2525 386 2576 degeneratam
401 2533 421 2565 et
434 2526 563 2577 depravatam
580 2526 741 2566 considerandam
759 2539 803 2566 esse
821 2526 846 2565 de
861 2526 948 2566 doctrina
962 2529 1034 2577 puriori

177 2599 206 2639 St.
221 2600 317 2640 Thomae.
346 2600 387 2641 Sed
403 2603 460 2640 etiam
479 2602 510 2641 hic
527 2602 586 2652 plena
607 2601 710 2641 concordia
731 2601 840 2652 apparebit,
863 2603 921 2640 etiam
941 2601 972 2640 hic
993 2614 1034 2641 ex-

176 2676 277 2726 plicatio
298 2675 359 2724 datur,
382 2675 473 2716 videlicet
492 2676 597 2727 explicatio
616 2689 689 2723 eorum,
708 2689 759 2727 quae
778 2681 835 2715 antea
849 2688 886 2726 per
900 2674 921 2715 S.
935 2674 1033 2714 Thomam

176 2749 222 2790 data
236 2756 296 2790 erant.

172 2877 174 2884 Α
228 2835 343 2875 Notandum
357 2842 423 2876 tamen
437 2843 475 2876 est:
496 2836 621 2888 investigatio
639 2842 704 2875 nostra
721 2837 783 2875 solum
803 2841 881 2886 spectat
895 2835 920 2874 ad
934 2835 1033 2876 definitam

176 2910 284 2950 doctrinam
292 2910 424 2953 Ecclesiae.
446 2911 571 2951 Inveniuntur
581 2913 632 2951 enim
643 2913 701 2951 etiam
711 2911 811 2951 doctrinae
821 2912 940 2962 privatae,
950 2925 1033 2963 quarum

198 3017 203 3038 ¹
217 3017 234 3047 Ρ.
246 3018 270 3056 38.

196 3071 203 3095 2
217 3073 233 3105 Ρ,
246 3082 270 3112 41,

196 3124 203 3146 ³
217 3125 233 3156 P.
245 3134 270 3165 42.

195 3177 203 3200 4
216 3178 232 3210 P.
245 3187 270 3218 4²·

195 3231 203 3253 5
215 3232 233 3263 P.
245 3241 269 3271 42·

195 3284 203 3307 ὃ
216 3285 233 3318 P.
246 3294 271 3325 43.
