2178 3556
61 148 115 206 1898.
130 147 168 192 No.
184 164 202 194 2.
247 161 276 197 un
287 164 370 197 carmi
382 162 465 197 cumsrr
476 164 504 196 aa
515 165 544 197 ua
555 165 632 198 amano
643 167 750 201 nummio.
887 167 913 209 29

110 279 152 327 Jam
166 280 197 320 hic
211 282 268 332 igitur
282 283 382 330 cernimus,
398 282 451 334 quod
465 284 531 323 omnia
544 285 646 334 sequentia
666 284 817 325 confirmabunt:
836 285 913 325 Doctri-

59 368 102 395 nam
119 355 140 395 S,
155 354 246 395 Thomae
267 354 291 395 de
305 358 367 406 gratia
381 363 401 396 et
422 356 446 396 de
464 358 525 397 libero
543 358 620 398 arbitrio
638 372 681 399 esse
700 367 787 399 centrum
806 359 912 410 quoddam,

59 432 129 471 circum
144 430 197 482 quod
213 431 260 470 uniri
274 431 351 482 possint
364 430 431 470 iratres
446 432 495 470 inter
508 444 529 471 se
544 431 608 471 adhuc
621 432 761 481 discordantes,
777 433 913 484 praejudicatis

58 505 180 557 opinionibus
194 507 269 545 omissis
283 511 303 545 et
316 505 367 545 bona
381 504 482 545 voluntate
498 511 600 557 concepta.

110 579 305 633 Semipetagianrsmo
319 587 385 620 autem
399 593 424 620 ne
437 582 526 620 minimus
541 579 620 632 quidem
634 581 688 622 locus
703 587 738 621 est.
771 634 773 636 -

109 653 141 694 De
158 667 276 695 consensu
292 662 357 696 autem
371 656 415 707 plus
429 654 477 696 inira
491 655 515 695 ad
530 670 563 708 qu.
578 655 612 697 lV.

402 926 508 977 Quaestio
523 924 568 967 Ν.1

375 1028 407 1063 De
418 1037 488 1064 causa
499 1030 591 1074 gratiae.

111 1125 127 1155 Ι.

110 1201 151 1241 «Ρε.
167 1201 198 1254 83,
216 1213 238 1241 12
253 1202 330 1242 dicitur:
345 1202 430 1242 Gratiam
445 1209 466 1242 et
479 1202 560 1254 gloriam
574 1202 628 1242 dabit
641 1202 743 1242 Dominus.

108 1275 167 1315 Nulla
181 1290 212 1316 res
226 1283 293 1327 potest
306 1289 365 1329 agere
380 1278 429 1316 ultra
442 1290 498 1317 suam
511 1279 604 1328 speciem,
620 1280 666 1329 quia
680 1290 759 1328 semper
768 1284 848 1328 oportet
858 1277 912 1329 quod

56 1364 113 1391 causa
127 1353 192 1402 potior
206 1354 230 1391 sit
244 1351 320 1392 effectu.
349 1352 428 1392 Donum
442 1359 507 1392 autem
522 1354 594 1404 gratiae
610 1353 690 1392 excedit
704 1365 782 1392 omnem
799 1351 912 1392 facultatem

56 1432 134 1466 naturae
153 1433 236 1475 creatae,
256 1440 316 1479 quum
334 1427 378 1466 nihil
396 1427 446 1467 aliud
466 1430 489 1467 sit
507 1441 567 1478 quarn
586 1427 684 1479 quaedam
699 1429 821 1478 participatio
835 1426 912 1466 divinae

55 1507 140 1549 naturae,
155 1515 206 1552 quae
221 1502 299 1542 excedit
313 1515 392 1542 omnem
406 1502 463 1541 aliam
477 1508 571 1542 naturam.
592 1502 619 1541 Et
629 1502 674 1542 ideo
688 1502 808 1552 impossibile
818 1508 848 1541 est
858 1502 912 1554 quod

56 1577 119 1627 aliqua
133 1583 221 1616 creatura
235 1579 317 1628 gratiam
331 1585 416 1618 causet.»

109 1651 152 1692 «Sic
170 1655 221 1691 enim
239 1665 319 1693 necesse
341 1659 371 1692 est
392 1652 446 1705 quod
466 1653 535 1692 solus
556 1652 622 1691 Deus
643 1651 726 1699 deificet,
749 1651 911 1692 communicando

54 1729 170 1766 consortium
186 1728 262 1767 diuinae
273 1734 353 1767 naturae
367 1741 404 1779 per
412 1728 518 1778 quamdam
529 1727 656 1767 similitudinis
671 1729 847 1778 participationem,
861 1729 911 1767 sicut

53 1803 171 1853 impossibile
186 1810 216 1843 est
230 1803 283 1854 quod
298 1802 371 1855 aliquid
385 1804 444 1855 igniat
458 1805 493 1842 nisi
506 1803 559 1841 solus
572 1801 653 1853 ignis.»2

106 1953 123 1981 2.
151 1941 223 1981 Utrum
242 1942 361 1993 requiratur
377 1941 449 1992 aliqua
462 1940 600 1993 praeparatio
614 1947 632 1979 rt
645 1940 751 1992 disparilia
765 1939 796 1979 ad
812 1941 909 1991 gratiora

54 2031 77 2056 aa
86 2024 149 2068 parte
161 2016 256 2056 staminis.

108 2104 185 2143 «Gratia
203 2103 271 2142 dicitur
284 2102 395 2153 dupliciter:
413 2102 533 2153 quandoque
547 2101 628 2153 quidem
641 2103 706 2152 ipsum
720 2101 818 2141 habituale
836 2100 910 2140 donum

54 2178 100 2226 Dei;
116 2177 236 2230 quandoque
250 2184 316 2217 autem
330 2177 423 2217 auxilium
436 2176 474 2219 Dei
488 2179 584 2216 moventis
599 2179 684 2217 animam
698 2176 722 2216 ad
736 2178 828 2216 bonum.»

108 2253 182 2292 «Primo
197 2252 257 2292 modo
271 2252 385 2303 accipiendo
399 2253 486 2304 gratiam⁷
503 2253 637 2304 praeexigitur
654 2252 679 2291 ad
694 2254 775 2304 gratiam
789 2252 854 2303 aliqua
868 2264 910 2303 gra-

54 2330 90 2368 tiae
104 2330 237 2379 praeparatio;
252 2330 297 2380 quia
311 2328 362 2367 nulla
375 2327 437 2367 lorma
451 2333 518 2377 potest
532 2340 575 2366 esse
589 2329 624 2366 nisi
638 2328 657 2366 in
671 2329 751 2366 materia
765 2326 877 2378 disposita.»

108 2403 159 2443 uSed
178 2406 193 2442 si
210 2404 314 2454 loquamur
334 2403 359 2442 de
375 2404 437 2453 gratia
453 2401 561 2442 secundum
579 2401 633 2453 quod
651 2401 746 2453 significat
764 2403 856 2441 auxilium
872 2401 911 2440 Dei

54 2481 148 2518 mouentis
163 2479 187 2518 ad
202 2479 281 2525 bonum,
295 2480 322 2517 sic
337 2477 404 2517 nulla
421 2479 577 2528 praeparatio
591 2478 695 2529 requiritur
709 2490 735 2516 ex
749 2483 806 2528 parte
820 2477 908 2523 hominis,

54 2556 108 2605 quasi
128 2555 290 2605 praeueniens
314 2553 423 2592 diuinum
446 2552 573 2600 auxilium·
596 2552 632 2592 sed
657 2554 720 2603 potius
745 2564 909 2604 quaecunque

53 2632 212 2680 praeparatio
233 2631 251 2668 in
266 2629 344 2668 homine
358 2641 401 2668 esse
417 2634 488 2679 potest,
503 2634 542 2667 est
562 2640 592 2667 ex
610 2628 704 2667 auxilio
722 2626 768 2666 Dei
785 2628 909 2666 moventis

53 2706 153 2744 animam
175 2705 203 2744 ad
224 2705 315 2745 bonurn
343 2703 370 2743 Et
388 2703 496 2743 secundum
517 2702 555 2742 hoc
574 2704 617 2753 ipse
638 2703 713 2742 bonus
735 2708 814 2742 motus
836 2701 909 2741 liberi

54 2780 160 2828 arbitrii,
179 2792 226 2831 quo
244 2782 298 2832 quis
317 2785 482 2831 praeparatur
500 2777 525 2817 ad
539 2777 612 2817 donum
626 2779 700 2829 gratiae
713 2776 864 2828 suscipiendum,
880 2782 910 2816 est

54 2861 121 2894 actus
139 2856 211 2895 liberi
228 2856 324 2894 arbitrii
340 2857 399 2893 moti
416 2867 427 2893 a
441 2854 499 2894 Deo.
526 2852 553 2892 Et
567 2859 662 2904 quantum
676 2852 701 2892 ad
715 2853 753 2892 hoc
767 2852 836 2891 dicitur
850 2851 909 2891 homo

53 2941 73 2968 se
93 2943 218 2982 praeparare,
240 2929 347 2970 secundum
368 2929 413 2969 illud
431 2929 523 2969 Proverb.
545 2927 573 2976 16,
591 2940 610 2967 1:
631 2927 720 2967 Hominis
741 2934 771 2967 est
791 2939 910 2977 praeparare

54 3008 146 3054 animum3
161 3029 188 3036 —-
206 3012 226 3046 et
244 3012 274 3045 est
294 3004 426 3056 principaliter
444 3017 455 3043 a
471 3004 516 3043 Deo
537 3009 630 3042 movente
647 3002 730 3042 liberum
751 3002 855 3041 arbitrium.
884 2999 910 3039 Et

56 3165 170 3216 'lnSummae
181 3168 226 3202 Tom,
238 3168 256 3202 Il,
268 3169 299 3207 Qu.
311 3167 357 3201 CXII.

73 3220 81 3243 ἦ
95 3222 131 3257 Art,
142 3223 153 3263 l,
165 3232 180 3263 3.
