2178 3556
38 208 92 261 1898.
106 201 144 244 No.
160 212 177 240 2.
223 207 251 239 nn
262 203 344 237 oenum
356 193 478 232 culusum
489 190 518 223 ou
529 189 606 221 tutuo
619 186 724 219 nummro,
865 181 886 224 17

90 327 132 369 «Ad
146 327 231 377 primunr
244 320 296 373 (vide
313 316 379 368 supra]
393 326 446 365 ergo,
459 307 565 350 dicendum
580 306 635 358 quod
650 304 751 344 conversio
766 301 847 341 hominis
862 299 886 339 ad

35 407 99 446 Deum
109 401 130 441 fit
140 399 219 451 quidem
234 408 270 446 per
282 394 362 431 liberum
377 389 483 432 arbitrium3
499 389 519 422 et
528 380 636 421 secundum
647 379 685 418 lroc
693 377 766 417 homini
776 376 888 426 praecipitnr

2 499 4 502 f
35 477 88 530 quod
105 488 126 514 se
143 473 167 512 ad
182 472 247 511 Deum
263 470 370 507 convertat.
398 460 440 501 Sed
457 459 539 497 liberum
558 455 656 494 arbitrium
675 451 699 491 ad
718 450 784 489 Deum
802 451 888 489 converti

35 565 73 592 non
94 553 165 601 potest,
186 547 230 585 nisi
250 542 303 581 Deo
323 542 400 590 ipsum
422 533 449 574 ad
469 545 496 571 se
517 533 692 574 convertente,
714 524 821 564 secundum
842 524 887 563 illud

34 627 103 675 Jerem.
119 633 149 669 21,
167 620 198 659 18:
221 617 319 657 Converte
336 624 374 659 me,
390 617 410 649 et
424 612 532 653 convertar,
548 605 594 656 quia
609 610 629 641 tu
643 601 739 641 Dominus
753 598 807 638 Deus
821 612 886 647 meus3

35 707 55 740 et
69 698 140 738 Thren.
156 694 228 740 ultimo,
243 702 278 730 21:
300 688 398 728 Converte
413 696 454 732 nos,
468 681 559 726 Domine,
575 677 600 717 ad
615 684 640 724 te,
655 682 675 715 et
690 680 844 715 convertemur.»

89 769 131 810 «Ad
146 766 253 808 secundum
267 761 377 808 dicendum,
393 758 446 810 quod
461 755 504 796 nihil
520 755 579 794 homo
599 757 666 803 potest
683 748 753 796 facere,
771 749 806 787 nisi
819 760 831 787 a
844 747 888 788 Deo

0 836 2 844 Σ
35 851 141 890 moveatur,
155 840 262 881 secundum
276 837 321 876 illud
335 835 389 884 Joan.
407 844 435 885 15,
451 844 470 884 5:
493 830 540 870 Sine
559 840 591 867 me
609 826 652 865 nihil
667 825 750 876 potestis
765 822 835 863 lacere.
863 822 889 862 Et

35 920 79 959 ideo
99 930 159 969 quum
180 914 249 954 dicitur
269 913 328 951 homo
349 909 413 949 lacere
432 904 485 959 quod
502 906 522 943 in
539 916 561 942 se
583 908 618 950 est,
638 900 707 940 dicitur
728 898 772 938 hoc
793 910 846 936 esse
868 899 889 936 in

1 1008 3 1011 ’
34 998 164 1044 potestate
178 988 289 1033 hominis,
304 983 435 1024 secundum
450 979 515 1032 quod
530 984 567 1017 est
581 982 661 1016 motus
676 988 688 1014 a
702 973 776 1013 Deo.»

88 1064 131 1106 «Ad
141 1064 217 1103 tertium
228 1060 331 1100 dicendum
341 1057 396 1109 quod
410 1056 441 1095 illa
453 1054 537 1103 objectio
548 1050 640 1103 procedit
649 1049 674 1090 de
684 1049 745 1101 gratia
760 1047 887 1095 habituali,

35 1142 59 1182 ad
73 1153 130 1191 quam
144 1138 246 1189 requiritur
264 1135 328 1185 aliqua
343 1131 467 1183 praeparatio,
486 1130 531 1180 quia
549 1128 612 1165 omnis
631 1124 693 1165 lorma
711 1123 791 1174 requirit
809 1133 887 1172 suscep-

35 1216 86 1255 tibile
107 1214 227 1263 dispositum.
262 1207 309 1248 Sed
331 1207 374 1245 hoc
397 1203 462 1256 quod
486 1203 559 1242 homo
580 1206 707 1240 moveatur
727 1210 738 1236 a
759 1196 819 1244 Deo,
842 1209 889 1235 non

0 1283 6 1318 ἷῗ
34 1289 167 1340 praeexigit
185 1286 292 1336 aliquam
313 1282 382 1321 aliam
403 1280 543 1324 motionem,
563 1289 636 1327 quum
653 1273 720 1314 Deus
737 1274 769 1311 sit
787 1273 889 1322 primum

35 1374 143 1402 movens:
158 1360 209 1399 unde
224 1371 263 1398 non
277 1363 356 1408 oportet
371 1356 423 1394 abire
437 1357 455 1393 in
469 1352 583 1392 infinitum.»

0 1476 2 1482 ,
89 1435 131 1475 aud
150 1440 240 1486 quartum
257 1431 361 1470 dicendum
378 1429 432 1481 quod
450 1429 580 1468 hominisest
600 1436 713 1476 praeparare
732 1424 822 1469 animum,
845 1423 890 1473 quia

34 1512 72 1551 hoc
81 1510 125 1550 lacit
133 1522 170 1560 per
179 1509 260 1547 liberum
270 1507 377 1553 arbitrium3
392 1503 434 1543 sed
450 1510 529 1542 tamen
543 1502 589 1540 hoc
603 1514 648 1540 non
662 1498 721 1539 lacit
735 1499 785 1536 sine
799 1497 889 1536 auxilio

3 1562 8 1576 r

34 1585 79 1624 Dei
93 1584 222 1629 moventis,
237 1587 261 1619 et
275 1580 303 1619 ad
317 1593 341 1619 se
356 1576 540 1618 attrahentis‚›11

88 1734 104 1772 7.
136 1720 206 1759 Ulrrrrrr
221 1719 279 1758 lrrrreo
288 1717 354 1769 passu
367 1729 475 1767 resurgere
488 1728 501 1754 a
511 1720 594 1766 peccato
607 1714 652 1753 sine
666 1711 747 1751 auxilio
758 1711 843 1762 gratr'oe.

89 1806 206 1856 «Apostolus
217 1802 283 1843 dicit:2
297 1803 317 1842 Si
328 1802 374 1841 data
388 1808 417 1841 est
431 1802 465 1841 lex
480 1814 525 1852 quae
541 1806 608 1850 potest
619 1798 732 1848 justificare,
745 1810 792 1848 ergo
802 1796 889 1836 Christus

58 1882 92 1918 atis
106 1885 192 1917 mortuus
206 1884 236 1917 est
250 1902 274 1907 —
289 1877 308 1916 irl
322 1883 356 1924 est,
372 1878 413 1915 sine
427 1888 490 1915 causa.
519 1874 561 1913 Pari
576 1886 624 1925 ergo
638 1875 713 1913 ratione
727 1874 743 1911 si
759 1872 818 1911 homo
830 1871 890 1910 habet

35 1960 127 2000 naturam,
147 1966 184 2003 per
204 1965 263 2003 quam
284 1957 349 2001 potest
364 1950 468 1999 justificari,
481 1935 574 1988 'Christus
594 1950 658 1999 gratis,
680 1948 699 1987 id
719 1954 754 1995 est,
773 1949 813 1986 sine
832 1959 890 1986 causa

8 2031 11 2036 “
36 2033 171 2067 mortunsest.
198 2026 239 2066 Sed
253 2026 291 2065 hoc
305 2032 335 2065 est
347 2026 484 2064 inconveniens
499 2019 583 2063 diceres
598 2022 661 2074 Ergo
683 2036 729 2062 nou
746 2028 829 2073 potest
844 2035 890 2073 per

36 2113 60 2139 se
82 2103 156 2151 ipsum
175 2100 315 2150 justificari,
333 2100 355 2138 id
375 2107 419 2146 est,
439 2098 519 2138 redire
536 2098 564 2138 de
583 2104 649 2137 statu
667 2098 745 2148 culpae
761 2097 788 2136 ad
802 2103 889 2136 statum

33 2176 152 2223 justitiae„

1 2304 7 2316 e
89 2248 220 2299 «Respondeo
241 2249 344 2288 dicendum
365 2248 419 2300 quod
441 2249 499 2287 homo
521 2248 574 2287 nullo
595 2247 654 2287 modo
676 2253 743 2298 potest
759 2259 889 2297 resurgerea

8 2369 11 2385 l
35 2330 117 2371 peccato
131 2336 167 2373 per
180 2336 201 2362 se
214 2327 278 2374 ipsum
292 2325 332 2362 sine
346 2323 418 2362 aturilio
432 2325 518 2375 gratiae.»

2 2451 6 2455 v>
89 2396 179 2436 «incurrit
192 2398 251 2436 homo
265 2398 337 2447 triplex
347 2398 484 2437 detrimentum
495 2398 604 2448 peccando,
614 2398 687 2437 scilicet
696 2396 799 2443 maculam,
810 2408 889 2447 corrup-

35 2471 107 2509 tionem
127 2473 216 2511 naturalis
237 2472 288 2519 boni,
306 2479 326 2511 et
342 2479 418 2511 reatum
435 2485 517 2524 poenae.
546 2472 643 2512 Maculam
663 2471 744 2524 quidem
764 2472 848 2518 incurrit,
869 2472 888 2509 in

35 2551 128 2594 quantum
147 2547 234 2595 privatur
254 2546 325 2586 decore
345 2550 412 2598 gratiae
434 2561 460 2587 ex
480 2547 605 2586 deformitate
619 2549 700 2598 peccati.
729 2545 806 2584 Bonum
822 2551 888 2584 autem

0 2612 1 2616 ¹
34 2625 107 2657 naturae
127 2623 260 2671 corrumpitur,
282 2623 305 2659 in
321 2628 415 2672 quantum
436 2628 503 2661 natura
524 2623 605 2661 hominis
629 2621 762 2668 deordinatur,
786 2620 887 2659 voluntate

34 2691 114 2731 hominis
128 2693 166 2734 Dei
182 2708 220 2734 non
237 2696 334 2745 subjecta,·
355 2697 393 2736 hoc
411 2698 461 2736 enim
479 2697 547 2736 ordine
565 2697 648 2744 sublato,
670 2708 794 2746 consequens
816 2702 846 2734 est
866 2701 887 2734 ut

34 2773 85 2805 tota
105 2774 193 2808 natura
213 2771 315 2809 hominis
340 2774 465 2821 peccantis
486 2771 625 2810 inordinata
646 2776 776 2810 remaneat.
813 2769 886 2810 Reatus

1 2877 3 2879 ,
33 2852 80 2879 vero
94 2854 164 2892 poenae
178 2850 207 2882 est
221 2857 330 2896 perquem
344 2846 404 2884 horno
418 2846 520 2896 peccando
530 2846 637 2885 mortaliter
646 2852 732 2885 meretur
742 2844 886 2885 damnationem

2 2927 4 2930 ’
33 2919 130 2956 aetemam.
149 2917 272 2958 Manifestum
282 2925 312 2958 est
321 2927 386 2959 autem
396 2920 421 2958 de
435 2919 513 2971 singulis
527 2921 597 2959 horum
611 2922 668 2959 trium
683 2919 736 2972 quod
751 2933 790 2959 non
803 2926 887 2971 possunt

33 2991 117 3036 reparari
134 2992 168 3029 nisi
186 3005 222 3042 per
236 2991 306 3031 Deum.
335 2993 400 3042 Quum
417 2997 468 3034 enim
486 2994 547 3034 decor
565 2997 633 3045 gratiae
647 2997 751 3045 proveniat
765 3008 792 3034 ex
805 2994 886 3033 illustra-

33 3060 84 3099 tione
105 3062 163 3103 divini
182 3066 263 3115 luminis
285 3081 323 3106 non
339 3075 406 3118 potest
423 3069 464 3108 talis
482 3068 543 3108 decor
560 3072 580 3108 in
597 3071 660 3109 anima
677 3071 770 3120 reparari,
789 3071 824 3109 nisi
840 3070 885 3109 Deo

53 3165 60 3187 ¹
74 3167 113 3201 thid.
125 3170 159 3204 Art.
171 3172 197 3203 Vl.

52 3218 60 3242 2
76 3221 112 3256 Gal.
122 3232 136 3261 2,
147 3233 173 3258 21.

63 3293 154 3324 Via-Seluk.
163 3298 236 3326 Skriitor.
251 3298 328 3326 H.·F.KL
343 3302 379 3327 1898.
394 3300 423 3328 No.
431 3303 443 3328 2.
