2178 3556
186 177 211 225 48
498 185 519 218 K.
530 185 723 219 Kaoorr-rouuruo.
938 176 995 217 H.-F.
1009 176 1041 216 Kl.

186 311 235 344 atur.
264 303 336 344 Idcirco
351 305 377 342 ait
391 303 412 344 S.
426 303 590 355 Augustinus:
606 303 671 344 'Sicuti
685 307 701 344 si
713 307 776 356 justus
791 306 847 352 dicat,
863 307 916 359 quod
930 320 969 346 non
983 307 1043 346 habet

187 386 298 430 peccatum,
313 380 405 418 mentitur
419 385 439 418 ot
453 379 523 418 veritas
537 380 556 418 in
570 392 594 419 eo
608 393 647 419 non
657 387 694 428 est;
710 382 736 421 ita
745 383 761 420 si
771 381 826 429 dicat,
838 381 893 434 quod
903 395 941 421 non
955 382 1042 422 habeat

184 454 319 504 justitiam.»1
349 453 446 503 «Offensa,
462 467 501 506 qua
514 454 569 494 Deus
584 455 680 494 hominem
695 463 799 505 aversatur,
814 469 853 495 non
871 464 989 505 removetur,
1008 457 1042 495 nisi

186 543 223 580 per
237 531 281 578 hoc,
300 529 353 580 qnod
375 532 477 582 gratiam
498 529 649 570 habitualem
669 531 783 571 infundat
802 530 877 584 (Deus),
895 545 932 586 qua
946 532 1006 571 homo
1021 531 1042 570 ht

186 605 231 645 Deo
253 613 345 656 acceptus
368 613 387 645 et
408 606 476 657 dignus
497 606 536 644 vita
557 612 652 645 aeterna.»
684 605 749 658 «Ergo
769 609 809 646 sine
827 605 922 646 infusione
941 606 1042 646 habitualis

186 683 266 732 gratiae,
282 693 318 720 nec
333 680 397 731 quoad
412 687 487 720 reatum
501 678 542 718 heri
556 686 621 729 potest
636 687 761 729 peccatorum
776 681 896 721 remissio.›1²

240 756 342 797 Deletio
366 755 443 806 peccati
461 756 480 793 in
497 755 551 793 nobis
569 761 647 806 oportet
663 754 706 794 finis
726 757 751 795 sit
769 755 915 806 justificationis.
942 756 976 796 Ad
991 757 1042 795 hunc

186 830 246 871 finem
264 838 385 871 autemnon
403 830 474 869 sullicit
490 829 575 881 aliquem
594 832 667 880 justum
688 832 790 883 appellari.
818 831 904 872 Omnino
922 832 963 872 sola
977 831 1041 871 divina

186 907 283 954 voluntas,
298 906 341 945 nihil
356 906 497 956 producens
511 906 530 943 in
543 908 611 954 anima,
621 918 660 945 non
669 909 758 958 suppetit
768 908 791 947 ad
802 907 908 947 delendum
919 905 1041 958 peccatrrm.³

187 981 274 1033 Oportet
288 994 340 1032 ergo,
355 988 376 1019 ut
389 983 450 1032 gratia
463 979 568 1030 justificans
583 983 602 1020 in
615 981 669 1020 nobis
684 982 756 1022 habeat
765 982 856 1022 effectum
866 982 957 1034 aliquem,
969 981 1042 1022 scilicet

186 1060 268 1109 gratiam
282 1057 426 1105 inhabitantem,
442 1069 480 1108 qua
492 1056 538 1105 justi
553 1056 662 1104 reddamur,
677 1071 715 1097 non
731 1065 805 1097 tantum
819 1057 948 1108 appellemur,
968 1064 1041 1109 etqua

186 1139 290 1183 peccatum
304 1145 325 1171 re
339 1144 385 1170 uera
400 1130 493 1177 deleatur,
508 1144 547 1170 non
562 1138 635 1171 tantum
649 1145 688 1171 non
702 1134 813 1184 imputetur.

240 1221 257 1261 3.
285 1206 397 1255 Justificatio
411 1213 432 1245 ut
450 1213 516 1245 actus
535 1214 559 1246 et
576 1207 672 1247 habitus
690 1210 712 1247 in
726 1222 771 1248 uno
786 1208 912 1249 considerata.

239 1283 293 1335 Ergo
306 1282 351 1322 licet
364 1295 410 1322 sane
425 1281 456 1322 uel
471 1283 535 1332 potius
550 1295 630 1322 necesse
644 1289 679 1331 est,
694 1283 801 1324 secundum
816 1290 933 1334 conceptum
949 1281 1040 1333 justifica-

186 1360 242 1398 tionis
263 1357 376 1397 idealiter
393 1363 493 1408 acceptae,
509 1356 626 1409 distinguere
640 1358 689 1397 inter
700 1358 857 1408 justificationem
872 1364 970 1398 attactum
986 1363 1006 1396 et
1020 1362 1041 1395 ut

186 1434 279 1482 habitum,
294 1439 364 1480 tamen,
386 1431 506 1472 ellectum
527 1433 618 1472 realem
639 1435 791 1482 aestimantibus,
806 1446 844 1473 nou
859 1433 994 1485 distinguenda
1008 1432 1038 1471 vel

185 1508 296 1560 separanda
309 1514 354 1547 sunt
367 1508 416 1547 haec
430 1507 474 1554 duo,
489 1507 524 1547 sed
537 1509 652 1547 econtrario
664 1509 774 1549 unienda.
801 1509 898 1548 Remissio
914 1515 1039 1559 peccatorum

185 1591 205 1624 et
217 1584 328 1634 justificatio
342 1584 395 1633 impii
410 1596 446 1634 per
459 1582 617 1623 inhabitationem
635 1585 708 1634 gratiae
727 1583 779 1623 idem
796 1590 840 1623 sunt
856 1598 882 1632 re,
904 1584 945 1623 sola
965 1584 1039 1622 ratione

186 1659 282 1699 differunt.

238 1734 280 1774 Sub
301 1734 333 1773 tali
354 1741 445 1785 respectu
465 1735 541 1772 unitatis
562 1734 617 1774 realis
635 1734 781 1786 intelligendum
800 1740 835 1781 est,
855 1747 916 1785 quum
930 1733 950 1774 S.
965 1734 1040 1773 Doctor

184 1809 289 1862 aliquando
308 1809 465 1858 justificationem
486 1809 541 1847 simul
561 1816 581 1849 et
598 1811 675 1849 nomine
694 1812 773 1849 actionis
792 1816 811 1849 et
827 1811 905 1848 nomine
920 1810 995 1849 habitus
1009 1808 1040 1848 rel

184 1891 245 1925 status
260 1885 354 1935 designat.
378 1883 417 1924 Ex.
427 1898 465 1936 gr:
483 1883 606 1932 «Justifieatio
615 1886 668 1935 impii
678 1891 709 1924 est
719 1884 798 1936 quidam
812 1891 892 1924 motus
907 1898 946 1936 quo
956 1886 1040 1924 humana

183 1975 239 2001 mens
253 1966 344 2001 movetur
358 1973 369 1999 a
382 1959 427 1999 Deo
442 1974 453 2000 a
466 1966 517 1998 statu
533 1962 609 2010 peceati
621 1962 641 1999 in
654 1966 742 1999 statum
755 1959 873 2010 justitiaea4
895 1959 921 1999 Et
935 1960 972 1999 alio
986 1960 1039 1998 loco:

187 2036 324 2088 {Quicumque
338 2036 435 2074 habitus
454 2041 484 2074 est
497 2047 577 2085 semper
595 2037 741 2086 principium
758 2036 814 2075 boni
836 2034 936 2074 actus.»5

240 2113 297 2152 «Nou
311 2110 367 2150 datur
381 2112 466 2162 primum
480 2123 523 2149 esse
537 2112 610 2161 gratiae
631 2110 759 2149 habitualis
779 2113 819 2149 sine
834 2111 896 2161 gratia
914 2108 1041 2150 actuali.»6

237 2187 280 2227 Sub
298 2186 369 2225 eodem
388 2192 480 2237 respectu
497 2187 574 2224 unitatis
593 2185 739 2236 intelligendum
754 2192 788 2233 est,
803 2198 864 2235 quum
879 2185 899 2224 S.
914 2184 1001 2225 Thomas
1016 2184 1041 2223 de

183 2263 275 2315 gradibus
288 2261 428 2312 justificationis
442 2262 532 2312 loquitur,
549 2261 602 2312 quod
616 2261 782 2311 exsequentibus
796 2260 877 2311 patebit.

237 2349 255 2388 4.
284 2336 378 2377 Gradus
393 2337 540 2386 justificationis.

239 2413 339 2463 «Quatuor
356 2418 498 2459 enumerantur,
518 2425 569 2463 quae
588 2413 710 2463 requiruntur
724 2411 748 2450 ad
761 2410 917 2462 justificationem
931 2412 990 2461 impii,
1005 2412 1040 2449 sci·
1082 2445 1084 2447 ,

181 2492 236 2530 licet:
259 2489 337 2529 Gratiae
355 2487 432 2536 inlusio,
454 2494 517 2526 motus
534 2487 589 2527 liberi
607 2488 677 2526 arbitrii
696 2489 716 2526 in
729 2487 794 2526 Deum
811 2499 847 2536 per
861 2485 927 2534 fidem,
941 2492 962 2525 et
975 2491 1039 2525 motus

181 2566 236 2605 liberi
250 2564 321 2604 arbitrii
335 2565 353 2602 in
367 2570 478 2614 peceatum,
494 2569 513 2601 et
527 2564 614 2602 remissio
628 2561 731 2612 culparem

237 2638 349 2679 «Praedicta
363 2644 446 2689 quatuor
465 2644 577 2688 tempore
594 2643 638 2677 sunt
654 2638 732 2686 simul;
754 2636 789 2676 sed
803 2636 872 2675 ordine
886 2641 965 2675 naturae
980 2648 1039 2675 unrrm

182 2722 212 2756 est
227 2718 280 2767 prius
294 2712 388 2754 altero,»⁸

181 2812 340 2819 ——fi-——

203 2877 210 2900 1
225 2877 301 2914 Satolli¹
313 2877 323 2906 l.
335 2885 348 2906 c.
361 2884 389 2906 221
403 2885 426 2914 sq.

202 2929 209 2952 2
224 2931 264 2964 Ibid,
276 2939 312 2969 223,

202 2982 209 3005 ³
225 2984 256 3016 Cfr,
268 2983 306 3015 ibid.

202 3036 209 3058 4
224 3037 240 3069 P.
253 3046 277 3076 39.

203 3090 211 3112 ⁵
225 3089 300 3123 Summae
311 3090 348 3120 Pars
356 3090 380 3122 Ill.
392 3089 423 3128 Qu.
432 3090 458 3122 lV.
466 3089 502 3120 Art.
511 3090 531 3120 V.

203 3144 210 3167 Β
225 3144 307 3179 Satolli,
318 3144 327 3176 Ι,
340 3154 353 3176 c.
364 3154 379 3183 p.
392 3152 428 3183 ²331

203 3197 210 3220 ⁷
225 3198 241 3230 P.
254 3206 278 3237 39.

188 3252 210 3294 ¹⁸
224 3252 241 3285 P.
254 3260 279 3292 40.
