2178 3556
74 233 129 293 1898,
144 238 182 281 No.
197 249 215 279 2.
257 250 286 281 ou
298 250 380 298 onnam
392 250 474 282 cumsrr
486 249 513 281 aa
525 248 554 280 un
565 248 641 280 crunno
653 247 759 280 nnoruuo.
899 245 922 286 73

125 368 194 408 «Nulla
215 374 283 408 natura
303 374 367 408 creata
388 374 419 408 est
438 366 534 407 sufficiens
556 368 671 419 principium
691 371 745 406 actus
762 365 853 405 meritorii
870 367 922 405 uitae

70 449 167 493 aeternae,
178 444 212 483 nisi
221 442 365 495 superaddatur
373 441 451 493 aliquod
462 442 608 493 supernaturale
622 441 701 489 donum,
714 439 767 491 quod
778 441 839 491 gratia
848 440 921 480 dicituc

70 517 92 558 Si
105 531 153 559 vero
170 519 272 570 loquamur
290 517 315 557 de
331 517 410 557 homine
426 517 462 557 sub
480 523 562 568 peccato
576 517 678 563 existente,
693 514 770 555 additur
784 527 828 554 cum
843 516 879 556 hoc
892 529 922 556 se-

70 592 134 633 cunda
154 595 208 642 ratio,
228 599 311 644 propter
330 592 492 644 impedimentum
514 593 596 643 peccati.
624 590 690 640 Quum
710 591 761 630 enim
779 597 881 641 peccatum
898 594 922 631 sit

70 667 167 719 quaedam
181 667 219 708 Dei
239 667 313 708 oflensa
333 667 440 708 excludens
458 681 469 708 a
486 669 526 708 vita
547 673 631 714 aeterna,
653 665 715 705 nullus
736 667 755 705 in
775 671 826 705 statu
846 668 921 716 peccati

70 744 156 783 existens
169 749 236 795 potest
249 745 308 784 vitam
322 750 421 784 aeternam
436 744 510 792 mereri,
525 744 560 783 nisi
574 744 626 794 prius
638 741 683 781 Deo
697 740 830 781 reconcilietur
844 740 921 781 dimisso

69 824 158 869 peccato,
173 818 226 870 quod
240 818 262 858 fir
275 832 312 870 per
325 820 412 871 gratiam.

121 892 149 932 Et
161 892 206 933 ideo
220 907 230 934 a
245 893 289 934 Deo
305 907 344 934 non
361 900 428 945 potest
446 894 504 933 homo
521 892 592 944 aliquid
613 893 683 932 mereri
703 893 748 931 nisi
769 904 813 943 per
834 891 920 932 donum

69 968 157 1018 ejus.„1

122 1098 140 1138 3.
167 1086 239 1127 Utrum
254 1087 312 1127 lzomo
326 1087 348 1126 in
359 1086 435 1137 gratia
448 1086 564 1125 constitutus
573 1084 638 1137 possit
650 1085 726 1124 mereri
739 1085 803 1124 vitam
816 1091 921 1125 aeternam

68 1171 94 1199 ex
106 1161 212 1213 condzgrno.

123 1246 191 1298 «Opus
205 1247 323 1286 meritorium
339 1245 421 1285 hominis
440 1245 542 1296 dupliciter
563 1245 678 1286 considerari
699 1252 774 1297 potest:
795 1261 833 1287 uno
854 1248 920 1295 modo,

68 1320 175 1361 secundum
195 1320 249 1371 quod
269 1320 359 1372 procedit
379 1333 406 1360 ex
423 1321 483 1361 libero
504 1322 591 1369 arbitrio;
613 1321 649 1361 alio
667 1322 727 1362 modo
744 1322 852 1362 secundum
867 1323 920 1376 quod

67 1395 157 1446 procedit
171 1409 202 1436 ex>
211 1398 272 1447 gratia
286 1395 368 1447 Spiritus
383 1398 461 1436 sancti.»

122 1471 154 1511 «Si
167 1471 300 1512 consideretur
313 1472 420 1512 secundum
441 1473 607 1512 substantiam
621 1474 692 1523 operis,
712 1479 732 1512 et
745 1473 853 1513 secundum
867 1473 921 1526 quod

67 1547 157 1598 procedit
171 1560 197 1587 ex
212 1548 293 1587 libero
308 1548 417 1596 arbitrio,
433 1550 460 1588 sic
474 1561 517 1587 non
533 1555 599 1599 potest
612 1549 638 1587 ibi
652 1561 695 1587 esse
705 1547 825 1599 condignitas
840 1554 922 1599 propter

68 1624 174 1662 maximam
183 1623 350 1675 inaequalitatem3
365 1623 400 1663 sed
411 1630 441 1662 est
450 1624 475 1663 ibi
489 1625 628 1675 congruitas
643 1629 725 1674 propter
735 1622 841 1674 quamdam
851 1636 922 1674 aequa-

67 1697 140 1738 litatem
156 1700 291 1749 proportionis.
313 1698 397 1738 Videtur
411 1700 462 1738 enim
477 1711 590 1750 congruum
605 1706 626 1738 ut
635 1699 707 1738 homini
717 1700 806 1750 operanti
815 1699 921 1739 seeundum

67 1784 121 1811 suam
135 1775 232 1821 uirtutem,
247 1773 301 1813 Deus
315 1780 453 1825 recompenset
466 1774 573 1814 secundum
588 1774 724 1814 excellentiam
738 1787 785 1814 suae
799 1776 880 1813 virtutis.
901 1773 923 1813 Si

67 1853 132 1887 autem
146 1847 249 1899 loquamur
262 1848 287 1888 de
301 1862 362 1900 opere
376 1851 480 1897 meritorio,
491 1850 598 1889 secundum
609 1849 662 1901 quod
676 1849 789 1901 procedit
804 1862 833 1889 ex
847 1851 923 1901 gratia

67 1920 151 1973 Spiritus
165 1925 230 1970 sancti,
248 1925 282 1962 sic
300 1930 329 1963 est
345 1925 464 1963 meritorium
480 1926 532 1964 vitae
547 1931 638 1964 aeternae
652 1937 679 1963 ex
693 1923 794 1976 condigno.
824 1924 857 1964 Sic
871 1926 922 1964 enim

67 1996 122 2036 valor
135 1999 197 2037 meriti
211 1998 316 2038 attenditur
329 1999 436 2038 secundum
450 2001 541 2039 virtutem
557 1999 639 2051 Spiritus
653 2002 714 2039 sancti
732 2002 857 2039 moventis
879 2013 921 2039 nos

66 2073 89 2111 in
106 2073 182 2112 vitam
200 2079 328 2122 aeternam,
347 2074 455 2114 secundum
469 2075 514 2114 illud
537 2075 584 2115 'Fiet
598 2077 616 2114 in
631 2088 655 2115 eo
670 2074 712 2114 lons
727 2088 790 2126 aquae
804 2075 889 2114 salientis
903 2077 922 2114 in

66 2149 127 2186 vitam
148 2148 273 2188 aeternam'.2
299 2149 414 2189 Attenditur
432 2152 490 2189 etiam
508 2152 592 2201 pretium
607 2152 671 2201 operis
686 2150 793 2190 secuudum
808 2150 921 2202 dignitatem

66 2225 145 2274 gratiae,
161 2236 197 2274 per
211 2237 270 2276 quam
280 2224 338 2264 homo
354 2238 451 2265 consors
467 2225 545 2265 lactus
561 2226 660 2265 diuinae
675 2232 778 2265 naturae
793 2225 922 2277 adoptatur

66 2300 88 2337 in
109 2298 184 2338 lilium
205 2298 258 2347 Dei,
281 2302 318 2339 cui
338 2300 443 2340 debetur
463 2301 609 2341 haereditas
631 2314 657 2341 ex
678 2303 721 2351 ipso
741 2302 784 2351 jure
805 2301 921 2352 adoptionis,

66 2374 174 2414 secundum
187 2373 243 2413 illud:
259 2373 286 2414 'Si
299 2375 337 2422 filii,
353 2382 373 2415 et
385 2375 520 2415 haeredes’.»3

122 2449 197 2488 «Gratia
212 2448 295 2500 Spiritus
309 2452 375 2496 sancti,
390 2463 449 2501 quam
461 2452 479 2489 in
490 2452 588 2501 praesenti
597 2451 697 2498 habemus,
708 2452 744 2490 etsi
753 2463 792 2490 non
802 2453 826 2490 sit
835 2451 921 2502 aequalis

66 2525 138 2576 gloriae
153 2527 171 2564 in
185 2531 234 2572 actu,
250 2531 280 2564 est
294 2531 359 2564 tamen
373 2525 459 2577 aequalis
474 2527 492 2564 in
505 2528 582 2573 virtute,
597 2527 646 2564 sicut
662 2538 730 2565 semen
749 2526 827 2573 arboris,
845 2528 864 2565 in
881 2539 921 2577 quo

66 2605 96 2639 est
117 2602 177 2639 virtus
197 2599 222 2639 ad
243 2606 304 2639 totam
324 2601 420 2642 arborem.
454 2599 480 2640 Et
500 2601 587 2640 similiter
607 2613 651 2651 per
671 2602 776 2651 gratiam
796 2601 921 2640 inhabitat

66 2675 183 2715 hominem
206 2674 315 2726 Spiritus
338 2681 448 2723 sanctus,
473 2678 514 2727 qui
538 2682 576 2715 est
599 2674 733 2714 sulliciens
756 2687 830 2715 causa
854 2678 921 2716 vitae

66 2755 189 2798 aeternae;
204 2750 255 2790 unde
270 2756 290 2790 et
304 2749 372 2790 dicitur
386 2763 429 2790 esse
443 2753 512 2802 pignus
527 2750 650 2790 haereditatis
664 2750 774 2790 nostraeu4

119 2888 136 2927 4.
165 2878 237 2918 [strum
251 2879 310 2918 trumo
321 2879 386 2930 possit
398 2879 439 2918 sibi
452 2879 528 2918 merem·
542 2880 637 2929 primam
651 2879 753 2929 gratiam.

121 2963 189 3004 «Ratio
207 2966 280 3016 gratiae
297 2970 393 3015 repugnat
411 2963 496 3004 mercedi
513 2977 602 3015 operum,
623 2963 730 3003 secundum
751 2964 808 3004 illud:
837 2964 867 3005 ’Ei
888 2968 921 3017 qui

66 3045 164 3090 operatur,
182 3052 257 3079 merces
273 3052 312 3079 non
330 3040 437 3090 imputatur
455 3038 561 3078 secundum
580 3040 667 3090 gratiam,
686 3038 722 3078 sed
740 3039 849 3080 secundum
868 3039 920 3080 debi-

88 3145 93 3167 ¹
104 3145 169 3176 Summa
180 3146 219 3178 ibid.
228 3147 264 3179 Art.
273 3156 287 3179 2.

86 3197 139 3237 2J0h.
151 3209 166 3239 4,
179 3207 203 3239 14.

86 3251 94 3274 ὃ
104 3253 150 3286 Rom.
162 3252 176 3292 8,
189 3260 213 3293 17.

87 3303 94 3326 l
104 3305 169 3336 Summa
179 3305 217 3338 ibid.
229 3305 264 3336 Art.
273 3314 287 3348 3.
