2178 3556
78 234 133 288 1898.
148 233 186 273 No.
202 244 219 274 2.
266 246 294 277 on
307 246 389 278 onnam
402 247 483 278 cunrsn
494 247 523 277 aa
535 247 563 277 os
575 246 651 277 crunno
664 246 768 277 anurnio.
906 245 928 286 53

74 365 146 403 riorum
161 361 303 411 nostrorumv,1
320 369 348 402 et:
368 364 529 404 «Scholastici
547 378 571 404 ne
585 364 667 403 verbum
682 363 762 415 quidem
777 362 801 402 de
819 364 863 404 hac
880 362 928 402 fide

75 436 178 478 uadunu2
187 460 213 466 -
222 451 291 477 verum
301 445 332 477 est
341 438 406 490 aliquo
416 438 482 486 modo,
491 440 507 477 si
523 439 583 478 «haec
597 438 657 477 fides»
674 445 749 477 tantum
763 438 822 477 habet
836 440 928 478 rationem

74 515 141 566 organi
155 514 272 564 receptionis
286 512 318 552 vel
332 515 397 564 potius
412 512 457 552 fidei
470 520 559 552 mortuae
569 512 614 565 {Jac
626 523 643 559 2,
655 513 695 564 20);
711 510 735 550 de
748 512 794 551 «hac
804 511 862 559 fide»,
876 514 929 553 velut

73 590 105 628 vid
125 588 196 638 salutis,
219 588 287 636 fateor,
308 588 417 628 scholastici
440 601 475 628 «ne
493 588 575 628 verbum
594 585 674 638 quidem
693 585 788 626 tradunt».
817 586 857 626 Sed
877 593 928 627 tanto

73 664 130 715 plura
144 663 169 703 de
183 662 222 703 fide
236 665 281 703 viva
295 663 378 705 tradunt.

126 748 146 802 b)
160 749 234 789 Actus
249 751 418 799 poenitentiae
432 761 447 788 s.
462 748 515 789 liberi
529 749 600 788 arbitrii
614 753 679 787 motus
693 749 711 786 in
725 753 834 797 peccatum.

125 833 217 875 Secunda
232 847 276 886 pars
291 837 422 875 conversionis
437 841 467 874 est
480 835 606 886 poenitentia,
622 832 647 873 de
664 846 703 885 qna
720 832 796 872 dicitur:
821 832 853 872 «St
871 832 929 873 homo

73 911 213 961 poeniteutiam
228 922 267 949 non
281 916 332 960 agat,
346 909 400 949 Deus
415 912 433 949 ei
447 922 484 948 non
499 911 580 949 remittit
593 907 722 948 offensam.»3
752 906 884 959 «Impossibile
901 914 930 947 est

72 984 126 1037 quod
140 990 245 1036 peccatum
259 985 314 1024 alicui
329 987 437 1025 remittatur
451 986 491 1024 sine
506 984 659 1035 poenitentia,»4

127 1072 258 1111 «Poenitentia
277 1077 306 1111 est
325 1072 423 1123 quaedam
443 1070 548 1110 dolentis
570 1070 660 1118 vindicta,
681 1082 762 1120 semper
779 1071 861 1120 puniens
876 1071 929 1110 inse

72 1147 126 1199 quod
141 1147 194 1186 dolet
208 1147 349 1186 commississe»
366 1159 410 1186 cum
427 1147 541 1196 «proposito
555 1144 693 1193 emendandiv3
709 1151 729 1185 et
744 1146 781 1184 hoc
795 1146 929 1196 «propositum

71 1221 189 1261 emendandi
202 1221 254 1269 illud,
269 1221 323 1273 quod
342 1228 409 1261 contra
426 1221 490 1261 Deum
509 1221 633 1261 commissum
651 1227 692 1260 est»
712 1219 781 1260 dicitur
803 1223 927 1271 “proprius

71 1299 113 1347 ejus
127 1303 192 1336 actus»
209 1295 271 1336 esse.5

125 1383 257 1422 «Poenitentia
278 1388 307 1421 est
328 1385 347 1421 in
369 1382 502 1422 voluntate
526 1383 574 1422 sicut
594 1384 613 1420 in
634 1382 754 1432 subjecto&
777 1387 831 1421 actus
854 1380 928 1420 liberi

71 1459 172 1498 arbitrii.

122 1543 164 1583 Sed
184 1545 234 1582 sicut
254 1550 318 1583 motus
337 1543 382 1583 fidei
401 1547 459 1583 etiarn
476 1551 541 1583 motus
558 1546 690 1594 poenitentiae
707 1542 830 1593 impossibilis
849 1548 879 1582 est
893 1543 926 1581 nisi

70 1619 122 1659 Deo
143 1625 262 1659 movente.
291 1618 428 1659 Convertimur
447 1633 482 1670 per
500 1619 651 1659 misericordiam
669 1618 712 1666 Dei,
728 1631 788 1670 quae
805 1620 927 1657 «immutat

69 1696 225 1734 voluntatem
246 1694 343 1734 hominis
365 1695 392 1734 ad
414 1696 610 1746 poenitendum».
641 1695 774 1734 «Poenitentia
790 1693 927 1734 immediatea

69 1770 114 1810 Deo
128 1769 266 1809 infunditur
280 1772 331 1809 sine
345 1771 414 1809 nobis
428 1771 600 1821 principaliter
618 1771 788 1820 operantibus,
807 1776 926 1809 nontamen

68 1847 110 1884 sine
124 1846 179 1884 nobis
194 1844 341 1895 dispositive
355 1846 505 1896 cooperantibus
519 1859 557 1897 per
570 1846 645 1897 aliquos
660 1845 745 1885 actusn⁷

121 1931 178 1970 Fides
193 1939 212 1970 et
226 1933 345 1982 poenitentia
359 1934 506 1972 conversionem
521 1934 629 1982 peccatoris
644 1934 789 1978 constituentes,
799 1936 820 1970 et
829 1933 855 1969 ita
869 1942 924 1980 prae-

68 2008 190 2056 parationem
204 2008 312 2056 peccatoris
323 2006 347 2045 ad
359 2007 517 2056 justificationem
531 2013 694 2052 consummantes,
704 2013 749 2045 sunt
763 2013 837 2045 motus
852 2007 924 2045 nostri

69 2087 90 2119 et
104 2083 122 2119 in
136 2081 200 2120 Deum
215 2087 236 2120 et
249 2083 268 2119 in
283 2088 391 2132 peccatum,
406 2082 441 2121 sed
457 2081 527 2121 eodem
543 2089 633 2132 tempore
648 2080 753 2120 effectus
771 2083 861 2132 gratiae
876 2080 924 2122 Dei⁴

69 2154 138 2207 ltaque
153 2155 216 2195 dicere
231 2169 344 2207 possumus:
361 2156 497 2196 Convertimur
511 2156 576 2196 aDeo
591 2163 610 2196 et
624 2170 659 2195 nos
673 2158 710 2208 ipsi
724 2159 860 2196 convertimus.
882 2156 925 2207 lpse

68 2230 145 2270 adultus
167 2234 217 2270 enirn
239 2238 356 2282 cooperatur
374 2233 448 2271 actibus
466 2231 512 2271 fidei
531 2238 550 2271 et
568 2233 705 2282 poenitentiae,
724 2231 750 2271 de
767 2232 836 2282 quibus
855 2232 886 2270 hic
899 2233 926 2270 lo-

69 2308 142 2357 quitum
164 2307 286 2345 nam‘libere
303 2306 369 2354 credit,
390 2309 456 2357 poenit
471 2314 482 2347 t.
510 2307 564 2358 Ergo
582 2307 607 2345 iili
624 2313 678 2346 actus
697 2313 742 2345 sunt
758 2305 838 2346 effectus
853 2310 925 2358 gratiae

68 2381 147 2420 actualis
161 2384 259 2432 operantis
275 2389 294 2421 et
308 2384 437 2432 cooperantis,

121 2466 166 2506 Hoc
178 2469 218 2516 jam
233 2467 305 2506 dictum
315 2473 345 2506 est
355 2480 366 2505 a
376 2466 395 2507 S.
411 2468 560 2518 Augustino:
577 2467 644 2506 «Fides
658 2481 705 2506 sana
719 2474 739 2506 et
753 2468 847 2507 catholica
860 2480 925 2519 neque

68 2541 150 2581 liberum
165 2543 262 2581 arbitrium
278 2548 342 2593 negat,
356 2545 398 2581 sive
412 2545 429 2581 in
444 2545 503 2582 vitam
519 2543 596 2590 maiam,
611 2544 652 2582 sive
667 2544 686 2581 in
696 2546 755 2581 vitam
765 2543 845 2590 bonam,
860 2556 925 2595 neque

69 2623 144 2656 tantum
158 2619 175 2656 ei
189 2618 260 2665 tribuit,
275 2624 296 2656 ut
308 2619 350 2656 siue
364 2620 425 2669 gratia
435 2617 472 2657 Dei
482 2618 547 2657 valeat
561 2617 665 2669 aliquid»S
688 2618 720 2657 «In
729 2619 830 2657 voluntate
844 2619 925 2658 hominis

68 2699 104 2741 est,
118 2698 193 2732 mutare
207 2693 329 2732 voluntatem
343 2694 362 2731 in
375 2693 450 2739 metius,
465 2691 499 2732 sed
518 2706 542 2732 ea
559 2699 646 2744 potestas
664 2694 716 2733 nulla
734 2700 770 2741 est,
792 2695 835 2733 nisi
849 2707 860 2733 a
874 2693 925 2734 Deo

68 2767 147 2816 detur,
169 2767 194 2807 de
213 2781 253 2819 quo
271 2767 343 2807 dictum
361 2774 399 2807 est:
418 2767 472 2807 dedit
487 2769 514 2807 eis
529 2774 654 2818 potestatem,
669 2768 718 2808 filios
732 2768 770 2808 Dei
784 2768 831 2810 fieri.
859 2768 925 2817 Quum

92 2929 96 2946 ¹
110 2929 160 2968 Apol.
172 2930 243 2960 Confess⁴
255 2929 296 2968 Aug,
308 2929 344 2959 Art,
355 2928 381 2963 tv,
393 2937 418 2967 η.

88 2981 95 3003 2
110 2982 149 3014 ibid.
161 2983 196 3015 Art,
207 2983 233 3022 IV,
248 2992 281 3015 121.

88 3035 95 3057 ³
110 3036 126 3067 Ρ,
138 3046 163 3076 ao.

88 3088 95 3110 4
109 3090 127 3120 P.
138 3099 164 3130 41.

88 3141 95 3164 5
109 3142 125 3174 P.
138 3151 163 3182 41.

88 3194 96 3217 θ
109 3195 148 3229 ibid.

88 3247 95 3270 Ἰ
109 3248 149 3282 ibid.

88 3300 96 3323 Β
110 3302 159 3342 Epist.
171 3310 196 3343 47.
