2178 3556
48 202 102 255 1898.
117 199 155 239 Νο.
171 208 187 237 2.
241 205 271 236 nn
282 201 364 235 onnam
375 194 461 230 enuisti
471 192 500 224 nr
510 190 540 223 un
551 190 627 221 arnano
638 189 745 225 nnnrnnto.
861 217 863 219 ,
882 173 898 230 '7

47 244 899 276 W

45 330 146 369 doctorum
167 322 197 362 vel
219 319 328 360 auditorum
350 317 424 355 animos
444 314 502 353 miro
524 319 646 348 consensu
662 309 689 352 ‚in
706 307 900 370 uniusangelici

44 400 160 443 Doctoris
174 394 320 447 magisterio
333 373 358 431 et
372 388 525 429 auctoritate
540 383 718 433 conquievisse.

96 473 144 521 Sed,
153 469 205 524 quod
216 470 275 521 pluris
286 473 320 514 est,
331 464 414 504 Romani
423 460 526 501 Pontifices
536 455 699 497 Praedecessores
709 455 775 495 Nostri
784 457 899 507 sapientiam

44 551 133 591 Thomae
142 548 245 599 Aquinatis
259 540 385 594 singularibus
400 536 478 577 laudum
489 533 602 585 praeconiis
619 536 640 570 et
650 531 762 570 testimoniis
777 531 899 583 amplissimis

45 624 142 677 prosecuti
157 627 205 661 sunt
229 619 280 660 Nam
295 616 408 657 Clemens
420 611 471 659 Vl1,
482 608 603 650 Nicolaus
616 604 655 653 V2,
670 605 820 646 Benedictus
834 605 900 645 ΧΙΠ3

44 699 113 750 aliique
128 702 227 741 testantur,
245 691 351 733 admiralibi
372 690 416 739 ejus
435 686 522 726 doctrina
543 683 653 722 universam
673 679 781 721 Ecclesiam
802 680 898 729 illustrari;

44 773 64 814 S.
78 772 132 812 Pius
146 769 177 810 ΧΗ
194 781 241 809 vero
261 767 331 807 fatetur
345 764 415 805 eadem
436 762 523 801 doctrina
544 759 629 798 haereses
649 754 739 795 confusas
760 762 780 795 et
801 757 899 810 convictas

44 847 137 897 dissipari,
158 845 266 896 orbemque
285 843 395 881 universum
410 852 421 878 a
434 834 530 888 pestiferis
546 831 635 885 quotidie
652 831 728 870 liberari
742 831 848 879 erroribus,
869 831 900 870 alii

44 934 88 962 cum
106 920 234 960 Clemente
252 915 311 957 Xll5
331 916 427 954 uberrima
446 912 496 951 bona
515 909 539 948 ab
554 908 596 958 ejus
613 907 690 956 scriptis
704 907 723 945 in
737 904 846 945 Ecclesiam
860 906 900 945 uni-

45 1008 121 1036 versam
141 995 254 1040 dimanasse,
269 991 375 1043 ipsumque
391 972 462 1027 eodem
476 986 550 1024 honore
565 981 669 1022 colendum
684 993 728 1021 esse
742 980 845 1030 affirmant,
866 983 900 1033 qui

45 1071 124 1110 summis
146 1067 245 1107 Ecclesiae
269 1065 386 1110 doctoribus,
411 1060 533 1111 Gregorio,
557 1057 693 1105 Ambrosio,
716 1056 857 1108 Augustino
879 1063 900 1096 et

44 1144 196 1193 Hieronymo
210 1139 305 1187 defertur;
320 1138 350 1177 alii
364 1136 444 1176 tandem
458 1134 479 1174 S.
493 1133 591 1174 Thomam
607 1144 720 1183 proponere
734 1145 773 1171 non
788 1131 900 1172 dubitarunt

44 1216 154 1257 Academiis
169 1221 188 1253 et
202 1216 275 1264 magnis
290 1212 360 1264 Lyceis
382 1210 486 1261 exemplar
506 1215 526 1248 et
538 1209 658 1259 magistrum,
681 1220 752 1258 quem
767 1213 820 1247 tuto
834 1207 899 1258 pede

43 1296 209 1341 sequerentur.
238 1288 283 1338 Qua
297 1289 314 1326 in
329 1300 350 1326 re
364 1292 473 1325 memoratu
491 1284 602 1335 dignissima
623 1281 714 1322 videntur
734 1282 756 1322 B.
771 1281 865 1322 Urbani
879 1282 900 1321 V

42 1364 102 1403 verba
117 1363 141 1402 ad
156 1362 283 1402 Academiam
297 1361 427 1401 Tolosanam:
456 1359 558 1398 ’Volumus
580 1365 599 1397 et
613 1364 682 1397 tenore
696 1359 828 1408 praesentium
843 1357 898 1396 vobis

42 1440 162 1489 injungimus,
173 1443 197 1476 ut
206 1437 227 1476 Β.
238 1437 348 1477 Thomae
362 1435 496 1475 doctrinam
507 1440 628 1485 tamquam
638 1432 771 1473 veridicam
786 1438 808 1472 et
818 1433 899 1472 catho-

42 1514 112 1553 licam
127 1513 262 1558 sectemini,
277 1511 408 1562 eamdemque
426 1509 520 1549 studeatis
538 1510 583 1548 totis
599 1507 671 1547 viribus
686 1507 805 1559 ampliare.’6
825 1506 899 1547 Urbani

43 1593 107 1626 autem
122 1587 235 1637 exemplum
257 1586 421 1625 Innocentius
439 1583 495 1623 ΧΙΙ7
518 1586 537 1622 in
557 1582 674 1623 Lovaniensi
694 1583 802 1622 studiorum
816 1581 898 1622 Univer-

42 1664 103 1710 sitate‚
119 1667 139 1700 et
152 1661 302 1700 Benedictus
316 1659 384 1699 XlV8
402 1662 421 1698 iu
438 1659 520 1710 collegio
537 1658 658 1709 Dionysiano
676 1657 825 1698 Granatensium
844 1671 898 1698 reno-

42 1744 116 1775 varunt,
132 1758 156 1763 -
170 1734 204 1773 His
219 1748 267 1774 vero
281 1735 395 1774 Pontificum
409 1734 539 1773 Maximorum
558 1733 583 1773 de
596 1733 675 1772 Thoma
696 1733 796 1785 Aquinate
816 1734 898 1784 judiciis,

42 1810 101 1849 veluti
115 1809 207 1856 cumulus,
222 1808 360 1848 Innocentii
378 1808 411 1847 Vl
425 1810 556 1847 testimonium
574 1807 663 1848 accedat:
693 1807 776 1858 ’Hujus
794 1808 898 1862 (Thomae)

43 1884 155 1923 doctrina
169 1896 227 1933 prae
242 1886 339 1930 ceteris,
355 1890 461 1934 excepta
477 1885 600 1931 canonica,
622 1884 697 1922 habet
715 1886 898 1935 proprietatem

42 1958 179 2004 verborum,
200 1958 295 1997 modum
316 1957 483 2005 dicendorum,
505 1960 640 1997 veritatem
662 1962 846 2007 sententiarum,
864 1961 898 1998 ita

43 2038 67 2069 ut
81 2044 209 2082 numquam
224 2035 265 2083 qui
280 2045 331 2071 eam
345 2035 474 2078 tenuerint,
488 2035 645 2072 inveniantur
659 2036 791 2074 averitatis
801 2035 897 2073 tramite

43 2106 167 2153 deviasse;
181 2108 258 2156 etqui
272 2119 322 2146 eam
340 2109 527 2157 impugnaverit,
541 2121 641 2158 semper
655 2107 732 2148 fuerit
745 2109 775 2149 de
789 2111 897 2148 veritate

43 2179 199 2229 suspectus'l
235 2194 239 2201 ·

95 2253 140 2304 lpsa
160 2267 240 2306 quoque
259 2256 368 2295 Concilia
387 2255 555 2304 Oecumenica,
576 2259 595 2296 in
613 2259 682 2309 quibus
701 2262 774 2299 eminet
789 2260 852 2299 lectus
871 2271 899 2298 ex

43 2333 83 2366 toto
100 2329 147 2366 orbe
162 2335 255 2368 terrarum
269 2329 304 2369 flos
317 2332 431 2381 sapientiae,
452 2332 568 2383 singularem
582 2332 672 2372 Thomae
686 2333 780 2385 Aquinati
801 2334 897 2373 honorem

42 2401 114 2440 habere
135 2408 231 2452 perpetuo
252 2403 372 2444 studuerunt.
411 2404 432 2444 ln
452 2405 540 2445 Conciliis
561 2406 729 2458 Lugdunensi,
750 2409 896 2457 Viennensi,

42 2474 192 2523 Florentino,
213 2477 343 2527 Vaticano,
365 2480 534 2520 deliberationibus
553 2489 572 2520 et
586 2482 669 2521 decretis
691 2482 769 2522 Patrum
787 2483 897 2523 interfuisse

42 2548 139 2589 Thomam
154 2557 174 2589 et
193 2564 245 2602 pene
260 2552 366 2603 praefuisse
380 2555 459 2602 dixeris,
474 2556 567 2595 adversus
582 2570 657 2596 errores
672 2557 798 2606 Graecorum,
814 2559 897 2598 haereti-

42 2632 149 2687 corumret
168 2628 326 2666 rationalistarum
345 2629 461 2669 ineluctabili
478 2632 497 2669 vi
516 2637 535 2670 et
552 2630 668 2670 faustissime
686 2635 741 2671 exitu
756 2633 897 2673 decertantem,

42 2697 82 2736 Sed
97 2699 145 2739 haec
158 2704 242 2742 maxima
257 2710 287 2742 est
300 2712 319 2743 et
333 2704 424 2745 Thomae
440 2708 523 2757 propria,
538 2719 575 2746 nec
585 2719 629 2746 curn
644 2709 738 2758 quopiam
748 2721 774 2747 ex
784 2707 896 2748 doctoribus

42 2774 198 2783 ———-——

64 2804 69 2826 1
84 2805 130 2837 Bulla
141 2807 163 2837 ln
175 2808 254 2842 Ordine.

62 2856 69 2879 2
83 2858 133 2890 Breve
144 2860 164 2890 ad
174 2860 193 2893 F.
204 2861 221 2894 F.
234 2862 273 2895 Ord.
286 2863 355 2896 Praedic.
370 2873 416 2904 1451.

62 2909 69 2932 θ
84 2911 130 2943 Bulla
140 2913 256 2947 Pretiosus.

63 2962 69 2985 4
82 2964 127 2996 Bulla
138 2966 244 2999 Mirabilis.

63 3015 70 3038 ⁵
83 3017 128 3049 Bulla
141 3020 205 3052 Verbo
216 3021 256 3055 Dei.
637 3044 639 3046 ·

63 3068 70 3091 θ
86 3071 140 3104 Consi.
152 3080 171 3113 5a
181 3075 213 3107 dat.
225 3076 250 3107 die
262 3086 270 3115 3
282 3076 324 3116 Aug.
337 3078 376 3116 1368
388 3078 409 3108 ad
421 3078 488 3112 Cancell.
499 3079 547 3113 Univ.
560 3080 613 3113 Tolos.

63 3121 70 3143 t
84 3123 122 3154 Litt.
133 3125 149 3155 in
160 3126 204 3160 form,
217 3128 266 3165 Brev„
279 3130 304 3160 die
314 3130 325 3161 6
335 3130 372 3163 Fhr.
386 3131 431 3171 1694.

61 3174 68 3197 ⁸
83 3176 120 3208 Liu
132 3178 148 3208 in
159 3178 203 3211 torm.
214 3181 265 3218 Brev,
276 3183 301 3213 die
312 3193 331 3214 21
343 3186 385 3223 Aug.
400 3192 444 3225 1752.

63 3225 70 3248 ⁹
84 3227 133 3263 Sena,
145 3231 166 3262 de
175 3232 190 3264 S.
203 3233 260 3268 Thom.
